3500 5559
438 726 441 731 -
489 689 564 767 tud
629 674 1346 795 DljchUDIGATIOM

535 848 595 939 ba.
622 860 762 939 Verum
787 858 855 937 arti
879 856 1010 937 salutari
1033 856 1097 937 vix
1123 858 1314 959 quidquam.
1328 862 1491 946 militarit

483 960 671 1037 accederet
686 981 730 1033 ex
753 958 875 1035 nostrie
905 958 1001 1033 hisce
1020 956 1339 1059 lucubrationibus,
1360 964 1423 1042 nifi
1444 964 1490 1047 dr

482 1058 580 1159 signa
600 1060 696 1135 simul
717 1054 967 1151 ostenderem,
1005 1055 1131 1154 quibus
1160 1059 1369 1155 potissimum
1397 1060 1438 1157 ἀ
1459 1089 1485 1141 a

417 1176 419 1181 ·
439 1208 442 1211 -
482 1156 627 1255 femoris
642 1159 815 1233 lunatione
830 1154 874 1229 ad
895 1154 1089 1245 exteriora,
1116 1153 1155 1231 dt
1170 1159 1214 1231 ab
1233 1156 1384 1255 ejusdem
1400 1186 1481 1237 cer·

393 1280 396 1284 ·
483 1256 573 1332 vicis
597 1255 742 1332 fractura
771 1252 966 1353 hujusmodi
998 1252 1269 1331 claudicationer
1291 1256 1482 1339 internosci

484 1354 623 1453 pollint.
665 1351 785 1451 ‚igitur
805 1353 840 1425 in
863 1376 920 1449 eo*
929 1353 1046 1443 malo,
1083 1352 1173 1449 quod
1194 1357 1481 1452 memoravimus,

392 1434 403 1459 Ι
481 1475 560 1528 crus
575 1445 736 1526 affectum
748 1450 883 1525 brevius
898 1450 1067 1542 occurrit3
1084 1473 1253 1549 nunquam
1273 1459 1481 1532 tamenbre.

470 1552 573 1628 ‘vitas
595 1570 689 1626 tanta
705 1546 774 1639 est,
799 1567 925 1646 quanta
948 1547 1169 1637 observatur,
1204 1548 1288 1625 dum
1307 1552 1418 1631 femur
1438 1555 1480 1631 in

483 1648 695 1725 exteriorem
715 1668 845 1745 partem
870 1646 1068 1741 prolabitur.
1106 1648 1272 1723 'Interim
1300 1650 1413 1729 femur
1435 1654 1479 1730 dt

480 1766 561 1825 crus
584 1771 628 1823 ex
642 1746 783 1821 adverso
797 1744 985 1841 spectatum
997 1768 1018 1819 a
1033 1746 1177 1823 naturali
1194 1746 1363 1843 posrtione
1377 1775 1479 1828 rece·

438 1850 442 1857 '
480 1841 564 1920 dere
596 1868 667 1919 non
696 1842 843 1919 videtur.
898 1844 936 1920 Si
964 1866 1068 1941 aegro
1098 1843 1249 1940 supino,
1276 1844 1477 1957 junilirque

479 1943 634 2019 cruribus
665 1965 728 2039 pes
755 1940 867 2017 lateris
902 1940 1021 2017 affedli
1049 1940 1273 2034 extenditur,
1311 1969 1404 2025 artur
1429 1948 1478 2025 ad

481 2044 669 2117 naturalem
692 2038 782 2117 redit
804 2040 1085 2139 longitudinem3
1118 2062 1202 2117 mox
1229 2065 1313 2115 vero
1344 2044 1479 2123 sublata

478 2141 678 2217 extensrone
704 2164 769 2239 pes,
786 2162 865 2215 cum
891 2162 988 2215 crure
1009 2138 1199 2215 retrahitur.
1251 2138 1338 2217 Illud
1359 2164 1479 2221 autem

476 2240 686 2337 praeprimus
699 2240 759 2313 hie
774 2238 963 2313 notandum
981 2237 1051 2329 est,
1075 2255 1189 2312 motus
1202 2234 1242 2313 dt
1259 2244 1478 2320 extenfiouet

476 2339 605 2508 absgue
632 2338 752 2411 dolore
772 2336 873 2426 elle,
904 2335 943 2411 dt
966 2334 1117 2435 genu&
1140 2333 1285 2434 pedem,
1309 2363 1476 2438 quantum

477 2436 537 2533 qui
564 2459 619 2507 em
646 2458 717 2531 ego
739 2436 1011 2513 animadvertere
1036 2436 1153 2531 potui,
1179 2434 1216 2509 in
1240 2459 1401 2516 neutrum
1424 2444 1476 2516 la·

475 2553 530 2609 tus
547 2533 613 2611 elle
629 2534 841 2609 conversum.
892 2533 988 2607 Nam
1013 2535 1228 2630 Morgagnus
1252 2537 1318 2632 (a)
1342 2538 1478 2616 indua·
1580 2589 1581 2596 κ

476 2633 540 2707 bus
561 2629 725 2727 aniculis,
749 2642 829 2727 quas
855 2630 1058 2707 claudicasse
1079 2634 1126 2735 ob
1149 2633 1299 2709 ceruicis
1321 2636 1476 2713 brevite·

476 2750 552 2807 tem
570 2730 807 2821 dubitaverat,
833 2750 951 2830 artum,
967 2730 1158 2807 breviorem
1182 2727 1363 2810 introrsum
1382 2738 1474 2813 con·

476 2831 612 2907 versum
627 2828 725 2905 fuisse
741 2828 869 2905 scribit.
949 2835 951 2840 '
1579 2875 1580 2878 π

521 2936 584 3026 63.
611 2930 709 3005 Dum
728 2929 771 2999 ab
795 2929 910 3002 auersa
936 2926 1091 3026 corporis
1108 2943 1205 3025 parte
1227 2950 1330 3027 aeger
1352 2929 1473 3007 obser·

475 3050 595 3115 vatur,
621 3024 730 3103 clunis
757 3026 868 3101 viriati
887 3026 1030 3102 femoris
1053 3027 1225 3103 interdum
1251 3032 1477 3132 complanata
1579 3065 1580 3098 r

471 3122 683 3223 paullulum,
701 3122 898 3222 plerumque
921 3149 1036 3199 tamen
1060 3126 1142 3224 eiue
1156 3122 1268 3223 figura
1287 3128 1474 3206 immutata
1579 3131 1580 3142 ’

473 3222 764 3319 deprehenditur,
785 3220 963 3319 sulcosque
984 3226 1071 3299 natis
1094 3224 1175 3298 dno
1189 3224 1372 3323 respondet
1392 3228 1472 3303 alri-
1579 3299 1580 3306 ,

474 3325 620 3413 tudine,
647 3322 708 3398 nist
723 3322 815 3417 quod
833 3321 988 3421 ejusdem
1003 3319 1086 3397 sulci
1100 3344 1291 3401 extremum
1305 3325 1362 3401 seu
1380 3351 1473 3423 apex

470 3424 516 3496 ab
538 3420 701 3498 exteriori
717 3442 843 3516 nempe
860 3440 959 3516 parte
973 3420 1094 3495 sursum
1113 3418 1186 3495 fere
1202 3412 1336 3517 semper
1351 3447 1471 3517 recur-
1579 3435 1580 3448 ¹

470 3540 591 3611 vatur,
616 3519 694 3618 quia
714 3520 940 3593 trochanteris
960 3518 1169 3615 politionem
1189 3519 1355 3617 sequitur,
1381 3544 1473 3619 quae

469 3618 552 3695 sulci
574 3618 721 3696 mutatio
740 3612 776 3688 in
797 3616 1029 3693 luxationibur
1051 3604 1184 3714 semper
1206 3606 1317 3715 magis
1330 3622 1469 3719 conspi-

469 3738 536 3791 cua
555 3713 616 3793 est.
666 3718 816 3791 Demum
838 3720 1034 3791 trocnanter
1060 3713 1233 3793 sublimior
1253 3717 1330 3806 est,
1361 3716 1472 3797 defi·

467 3806 539 3891 mul
562 3812 674 3913 magis
689 3833 791 3915 quarn
810 3813 847 3889 in
867 3815 948 3914 suno
970 3812 1102 3889 femore
1124 3818 1329 3895 extuberato
1363 3815 1472 3893 senti·

1116 3948 1119 3958 ’
1397 3934 1464 3994 mse

508 4098 1434 4137 W

504 4235 575 4321 (a)
594 4234 655 4325 Ep.
679 4237 734 4343 56.
755 4253 789 4339 n·
807 4252 864 4313 ao.
887 4253 940 4302 ar·
