3500 5559
351 772 357 777 .
460 688 530 785 no
590 686 708 789 [DE
738 694 1295 823 .GUssn1thcuno

437 916 440 924 ·
466 906 594 957 cemus.
646 882 685 954 In
698 876 814 981 erasto
836 878 976 955 forfitan
1001 878 1142 955 homine
1155 878 1478 979 post·testis'trnn·[

468 982 567 1055 srtum
586 979 662 1054 vasa
678 978 901 1077 spermatico,
928 1003 1013 1075 quae
1034 1003 1126 1055 nunc
1152 979 1243 1055 reste
1263 976 1358 1076 'pone
1378 980 1468 1079 peri·

419 1082 422 1092 '
466 1102 631 1177 tooaeum
647 1077 816 1173 migrant,
843 1076 881 1150 &
902 1077 1194 1153 duetusdeferens
1216 1079 1253 1151 in
1271 1101 1370 1153 arcus
1391 1082 1470 1179 spe·
1581 1082 1583 1171 i

432 1192 435 1201 '
468 1177 559 1251 ciem
575 1178 683 1252 flexus
698 1175 864 1275 parietem
882 1170 960 1250 ostii
978 1175 1199 1273 posteriorem
1215 1177 1471 1253 anteriuscom·

466 1280 616 1373 peliunt,
643 1275 725 1349 dnm
756 1274 904 1348 anterior
933 1277 1044 1348 versus
1069 1274 1289 1369 posteriorem
1318 1280 1366 1347 ab
1392 1276 1469 1375 epi·
1582 1318 1583 1381 3

469 1374 614 1472 gastrica
638 1372 763 1449 arteria
786 1372 978 1467 repellitur3
1004 1396 1171 1470 quumque
1199 1374 1281 1446 ostia
1308 1376 1346 1446 in
1372 1374 1470 1451 foetu

470 1475 591 1567 altiora
608 1474 705 1562 sunt,
723 1472 805 1569 dunt
815 1495 882 1545 una
899 1492 978 1544 cum
995 1472 1106 1568 vesica
1123 1471 1375 1567 deprimuntur,
1397 1497 1469 1546 ma·
1581 1528 1583 1547 .

469 1572 524 1669 gis
546 1571 718 1667 magisque
743 1592 860 1645 eorum
884 1566 1030 1665 parietes
1060 1568 1244 1667 conjungi,
1270 1568 1308 1644 ἃ
1332 1572 1471 1646 mucosa
1581 1642 1583 1665 ,

468 1670 710 1769 intercedente
732 1662 962 1768 conglutinari
989 1668 1177 1763 putandum
1199 1668 1260 1743 est.
1320 1668 1420 1771 Quae
1448 1668 1472 1744 st

469 1772 522 1868 ab=
541 1768 708 1867 aliquibus
728 1767 847 1842 minus·
863 1768 1080 1865 probentur,
1113 1766 1241 1855 restat,
1275 1786 1311 1839 ut
1334 1792 1399 1863 qua
1425 1766 1469 1839 de
1581 1800 1583 1861 ;

471 1862 584 1941 caussii
608 1864 750 1941 arteriae
765 1852 1054 1963 hypogastricae,
1087 1862 1205 1938 duetus
1228 1866 1398 1955 venosus,
1431 1864 1469 1942 δι

469 1962 649 2040 aiteriosus
668 1984 931 2059 occoecantur,
966 1960 1093 2036 eedem·
1115 1962 1202 2036 ostia
1228 1962 1341 2035 ciaudi
1372 1965 1472 2038 dica-

469 2090 556 2139 mus.
608 2061 677 2136 Sed
696 2087 757 2138 eur
771 2061 892 2136 eadem
914 2056 999 2135 ostia
1024 2060 1222 2134 clauduntur
1238 2062 1272 2134 in
1288 2060 1475 2155 foeminis,

471 2187 558 2263 quae
575 2161 656 2237 nihil
678 2159 716 2234 in
734 2158 776 2236 iit
792 2160 1043 2249 transmittunt,
1069 2160 1106 2234 ἃ
1127 2160 1247 2254 quibus
1267 2161 1340 2257 jam
1358 2160 1474 2237 iudea

469 2260 591 2361 primis
611 2259 783 2334 menfibus
806 2252 1011 2356 peritoneei'
1028 2259 1205 2353 saeculus,
1238 2257 1276 2333 ἃ
1302 2258 1475 2335 funiculus

472 2356 654 2436 vascularis
675 2359 712 2433 in
730 2356 924 2431 eeliularem
947 2352 1097 2453 pudendi
1120 2354 1260 2430 demissa
1275 2358 1472 2452 expandun-

473 2458 557 2533 tur?
582 2454 710 2530 Omnia
732 2457 874 2529 obscura
895 2455 991 2542 sunt3
1017 2454 1077 2527 nifi
1097 2454 1202 2527 etiam
1225 2453 1284 2527 hic
1307 2457 1475 2555 ligamen·

473 2555 517 2631 tis
533 2552 708 2648 rotundis,
725 2575 812 2651 quae
827 2553 920 2629 intra
934 2552 1041 2647 ipsum
1057 2554 1194 2627 saecum
1210 2552 1365 2629 eminent
1375 2556 1475 2652 (Obs.

473 2648 602 2741 vin.)
620 2653 780 2727 caritatis
803 2649 1070 2727 destrueiionem
1087 2650 1287 2729 tribuamus.

377 2753 380 2764 '
523 2752 565 2827 Iu
582 2750 720 2847 puellis,
745 2774 826 2851 quas
848 2749 1123 2841 observavimus,
1150 2751 1261 2824 omnis
1286 2752 1407 2825 aetatis
1419 2754 1477 2850 ju·

420 2893 426 2901 ·
474 2847 567 2953 giter
584 2844 777 2948 peritonaei
792 2847 980 2945 proceffum
996 2872 1138 2940 cavum,
1165 2846 1407 2926 &funiculum
1422 2872 1478 2925 te·

413 2957 416 2966 '
472 2948 580 3024 ret'em
599 2967 694 3021 extra
720 2946 881 3023 annulum
909 2948 1113 3043 produiium
1137 2948 1306 3038 vidimus3
1331 2949 1479 3049 vidimus
1580 2948 1581 2953 ’

441 3050 445 3071 ’
474 3046 794 3142 ostiumaperturn3
819 3044 965 3123 vidimus
986 3046 1257 3144 adglutinatam
1282 3046 1339 3121 sed
1362 3046 1481 3144 adglu-

474 3147 647 3221 tinatione
667 3163 741 3221 tom
764 3146 836 3243 ejus
860 3144 1031 3241 proeeffus
1055 3145 1182 3220 cavitas
1208 3144 1358 3235 deletur,
1384 3147 1480 3221 secus
1580 3142 1582 3157 ’

474 3268 514 3319 ac
538 3246 573 3318 in
595 3242 682 3317 virili
706 3244 857 3341 vigin'aii
886 3243 1084 3339 contingit,
1108 3266 1194 3339 quae
1208 3244 1325 3317 omnia
1351 3244 1479 3319 confir·

474 3342 560 3417 mari
592 3342 830 3415 Grotiorus
863 3344 1065 3425 Anusun
1086 3343 1305 3417 vehementer
1331 3362 1482 3440 exopta·

477 3438 537 3519 bit'
555 3442 575 3537 (
583 3467 603 3513 a
614 3441 642 3545 ).ί
668 3440 856 3517 Caeterum
873 3439 972 3539 hujus
990 3439 1134 3539 vaginae
1152 3438 1225 3515 usus
1242 3460 1315 3515 tarn
1333 3443 1484 3614 interhus

1407 3562 1428 3613 e
1467 3595 1482 3633 2

487 3833 492 3841 ¹
519 3850 585 3925 (ὅ)
611 3832 650 3911 Ν
662 3862 739 3907 vett
753 3837 899 3925 pretend,
920 3863 978 3927 que
1001 3848 1028 3911 Ie
1049 3840 1199 3929 protessus
1217 3848 1330 3913 mturel
1344 3850 1387 3915 du
1409 3846 1484 3931 peri-
1580 3850 1581 3901 ἓ

476 3924 560 3989 mine
574 3947 611 3991 au
636 3943 745 3992 travers
766 3930 804 3992 de
824 3926 983 4007 l’rnn'eru,
1007 3949 1044 3995 ue
1064 3931 1096 3995 se
1119 3946 1243 4012 trouve,
1263 3950 1323 4011 que
1345 3934 1420 3998 dans
1442 3935 1487 3998 les

475 4009 581 4088 §turres
596 4007 700 4075 enfans
722 4014 764 4075 du
783 4025 877 4099 'genre
904 4010 1046 4079 feminis.
1087 4012 1229 4101 Quoique
1251 4016 1312 4080 rien
1330 4016 1488 4098 nitidique

475 4088 528 4156 mn
547 4092 631 4175 usage
641 4142 651 4172 ,
661 4092 681 4158 ii
699 4116 733 4159 ce
751 4092 825 4160 n’est
838 4100 874 4160 de
890 4092 978 4159 servir
992 4097 1189 4179 d’eovetoppe
1203 4118 1241 4165 au
1257 4102 1398 4166 linament
1411 4100 1488 4165 rond

478 4178 516 4241 de
532 4180 558 4243 la
575 4184 713 4256 muttire,
736 4184 904 4257 comendans
921 4172 942 4242 ii
962 4178 1049 4245 feroit
1070 4183 1131 4247 bo‘n
1155 4184 1192 4247 de
1218 4180 1351 4249 s’uffuter
1371 4187 1409 4249 de
1434 4184 1487 4249 son

477 4262 623 4333 existence
638 4266 713 4331 daus
731 4266 773 4329 les
787 4262 879 4328 filies:
902 4266 956 4366 elle
970 4261 1104 4333 l'erviruit
1122 4286 1163 4331 eu
1189 4268 1286 4334 moins
1301 4269 1319 4332 ὰ
1333 4271 1488 4418 εκμῐρυῖ
1580 4302 1581 4311 ¹
