3500 5559
375 799 444 865 ru·
492 708 778 864 rotatu
829 769 1150 885 POSITU'.
1214 799 1286 884 257

277 969 537 1048 bbservatloner
558 972 705 1060 celeber.
741 966 840 1064 hujus
862 964 943 1045 Viri
972 983 1052 1043 cum
1069 966 1154 1040 meis
1174 978 1296 1067 gene-«⁹

251 1072 385 1145 'ratim
421 1073 638 1159 convenirer
676 1091 782 1166 quum
816 1092 903 1141 vero
936 1068 1007 1165 ipse
1046 1090 1283 1164 comparatam

281 1190 487 1260 unutumen,
514 1168 554 1246 ¹&
570 1170 742 1266 plerasque
765 1164 1036 1267 phyliulogicas‚
1070 1162 1282 1263 &parhotoa

276 1269 380 1367 giem
408 1268 623 1366 quaestiones
652 1265 798 1369 lutacius
826 1266 1023 1362 reliquerit,
1056 1284 1099 1339 an
1131 1282 1284 1339 mearum

274 1366 597 1461 observationem,
624 1382 711 1463 quae
736 1364 858 1460 majori
879 1365 1194 1463 experimentorum
1217 1388 1283 1439 nu·

272 1490 380 1540 aneto
409 1465 484 1545 sunt
513 1464 648 1556 rutae,
680 1464 802 1563 aliquis
823 1464 939 1547 adbuc
963 1463 1095 1541 futurus
1115 1463 1158 1539 fit
1181 1464 1284 1552 usus,

205 1618 208 1629 ι
265 1563 719 1663 ¹aliorumestojudie'iurn.
971 1656 975 1661 ι
1276 1652 1279 1659 Ι

288 1665 459 1757 ..Nega
488 1662 751 1762 Vieqarl’llzyr
773 1653 978 1739 cremasteri
1001 1661 1160 1737 musculo
1178 1658 1283 1757 quidss

276 1780 381 1860 quarn
399 1772 478 1832 curn
493 1764 727 1857 gubernaculo
744 1785 929 1841 commune
948 1754 1018 1845 effe
1043 1785 1111 1847 en,
1136 1761 1224 1857 quod
1244 1759 1282 1834 in

271 1858 421 1943 mutarit
436 1856 587 1949 fueu'btts
602 1863 692 1952 illurn
713 1864 847 1967 semper
859 1886 880 1943 a
892 1853 1119 1963 gubernaculi
1136 1859 1283 1957 reliquiis

276 1956 383 2032 valde
407 1979 574 2033 remotum
607 1959 800 2051 invenerim
834 1982 955 2035 verum
977 1961 1180 2057 quicumque
1204 1957 1283 2043 ani·
1340 1973 1343 1980 ⁴

274 2072 379 2131 nrum·
403 2055 660 2133 adverterit-at
682 2058 923 2157 gubernaculi,
957 2081 1029 2131 non
1051 2058 1167 2130 dicam
1192 2057 1281 2128 obli·

274 2152 512 2250 nerationem,
544 2175 582 2231 ut
605 2156 867 2256 Vicq·d’llzyr
889 2174 1069 2245 autumat,
1104 2154 1162 2229 sed
1192 2178 1280 2227 corr-

272 2254 500 2349 verstonem,
527 2250 632 2330 facile
655 2256 759 2331 etiam
782 2256 973 2354 intelliget,
1006 2277 1067 2329 cur
1084 2273 1168 2327 tunc
1190 2272 1281 2341 tem·

269 2350 371 2449 poris
395 2349 566 2444 diversae,
599 2353 638 2431 ἃ
659 2357 747 2431 adeo
768 2376 922 2430 remotae
945 2353 1030 2450 istae
1054 2351 1142 2427 duae
1166 2366 1281 2449 parter

267 2467 497 2545 appareant,
535 2450 667 2553 semper
691 2477 806 2530 tamen
830 2450 1122 2529 cremastet‘cum
1151 2450 1280 2545 reliquo

266 2551 515 2648 gubernaculo
537 2550 573 2625 in
588 2553 661 2650 imp
683 2555 798 2630 scroto
817 2552 863 2649 ⁴ad
876 2547 1036 2629 testiculi
1054 2552 1148 2626 bafin
1164 2550 1280 2622 conti·

268 2667 424 2735 matut,
458 2649 550 2744 quod
578 2650 656 2749 lpse
671 2672 795 2752 negat.
840 2644 964 2733 Testis
987 2651 1021 2723 in
1046 2650 1195 2723 scrotum
1218 2648 1288 2739 deq

268 2744 429 2823 scensum
456 2762 568 2820 textus
589 2748 720 2822 mucusr
743 2752 782 2823 vi
813 2747 1008 2823 contratiili
1025 2746 1167 2837 tribuit,
1193 2768 1279 2842 quae
1339 2830 1347 2847 .

270 2841 451 2945 nulla-est,
477 2862 515 2917 ut
528 2844 678 2940 superius
691 2867 813 2919 contra
829 2846 1032 2936 Pallettam,
1058 2846 1116 2942 qui
1132 2845 1278 2934 eadem,
1311 2929 1313 2938 Ι

267 2946 342 3019 hac
367 2940 405 3015 in
430 2962 495 3033 re,
528 2963 614 3040 quae
634 2936 921 3042 Vicq·d³slzyr,
960 2941 1091 3035 sentit,
1132 2944 1279 3041 probare

269 3046 347 3120 sate
377 3039 402 3114 i.
500 3084 503 3091 «

324 3063 442 3213 Rgesle
462 3126 654 3216 funiculum
684 3122 925 3237 spermaticum
948 3160 1065 3237 extra,
1096 3158 1275 3238 retroque,

266 3237 474 3337 vaginalem
505 3238 657 3329 tunicam
682 3239 781 3315 situm
806 3237 874 3313 effe
900 3240 1066 3331 adnotat,
1098 3264 1169 3315 non
1192 3258 1302 3342 veru¹

267 3359 379 3439 quum
396 3332 514 3412 addlt:
541 3362 577 3411 te
599 3343 653 3434 qui
674 3338 763 3435 ruse
780 3356 891 3413 trouve
909 3343 1001 3436 point
1017 3336 1100 3432 ainst
1125 3339 1209 3413 dans
1229 3342 1277 3411 let

261 3439 516 3539 prolongentur
539 3450 649 3509 contre
676 3456 816 3530 nature,
846 3462 906 3531 que
919 3434 1069 3531 forment
1083 3440 1132 3511 les
1145 3438 1276 3511 bernier

264 3540 478 3621 ordinatim
503 3528 577 3606 d'otl
599 3536 626 3605 it
637 3533 755 3631 risulte
776 3561 818 3609 tm
834 3561 945 3631 moyen
960 3539 999 3607 de
1012 3538 1110 3632 plus,
1132 3556 1211 3632 pour
1227 3539 1277 3607 lus

262 3634 455 3729 distinguer
477 3632 517 3705 de
541 3632 639 3705 celles
667 3637 706 3706 de
734 3630 932 3730 nuiffante3
977 3633 1149 3708 funiculus
1181 3632 1276 3706 enirn

260 3735 285 3809 s
276 3731 495 3829 permetiens
510 3729 546 3803 in
560 3731 760 3827 vulgaribus
775 3731 901 3805 herniis
924 3754 1051 3829 aeque,
1078 3756 1119 3805 ac
1137 3732 1172 3804 in
1188 3756 1276 3804 con·

262 3827 422 3927 genitis,
447 3829 578 3926 semper
600 3849 718 3917 extra,
745 3849 903 3927 retroque
926 3832 1117 3929 peritonaei
1134 3854 1275 3927 proces-

258 3934 339 4007 sum
356 3924 530 4016 decunit,
557 3952 624 4002 nec
638 3929 721 4003 inde
736 3930 801 4004 ulla
819 3949 914 4002 certa
940 3946 1043 4023 nota,
1070 3952 1156 4028 quae
1174 3929 1276 4002 hasce
1363 3930 1390 3955 ’·

263 4032 313 4103 ab
336 4024 404 4096 illis
420 4020 622 4121 distinguat,
649 4029 729 4103 elici
742 4026 869 4125 potest,
1019 4118 1021 4122 ‚
1232 4062 1239 4067 ·

315 4119 518 4195 Peritonaei
542 4124 746 4205 diverticula
769 4124 807 4200 in
824 4125 983 4223 sequioris
1004 4127 1099 4202 sexus
1121 4124 1276 4200 foetibus

258 4241 402 4322 negare
418 4219 572 4317 videtum
598 4224 682 4308 ubit
698 4227 792 4303 enim
819 4226 1111 4304 animadversione
1128 4225 1273 4336 dignum

1236 4345 1272 4400 m
1306 4340 1311 4346 .
