3500 5559
464 713 514 814 ra
629 660 1301 801 ons'nnvtnt'onnt

360 947 365 954 ·
460 903 582 996 batur,-
606 926 628 977 a
651 929 717 1006 qua
747 902 914 1000 generalis
939 903 1078 976 truncus
1100 903 1298 982 arteriarum
1320 903 1473 982 omniunt

459 1001 773 1099 proficiscebatur,
804 1002 930 1097 inquo
953 1004 981 1078 is
1005 1003 1103 1078 idem
1129 1003 1251 1079 humor
1273 1007 1473 1080 continebas

461 1108 535 1190 tui,
560 1124 663 1198 quern
698 1121 835 1176 caetera
858 1101 938 1174 'vasa
960 1100 1149 1176 vehebant.
1208 1107 1265 1176 An
1295 1125 1367 1176 non
1387 1105 1473 1179 haec'

460 1198 649 1276 eminentia
664 1219 812 1275 cutanea
828 1201 901 1271 tuni
910 1197 1005 1274 fibris
1018 1199 1257 1276 muscularibus
1271 1224 1370 1277 extus
1384 1203 1475 1300 poi*

461 1301 525 1389 tir,
539 1309 613 1374 tum
629 1299 783 1388 cavitate
798 1297 1094 1392 intus'2contenta3
1118 1321 1191 1374 tum
1206 1300 1362 1375 vasorum
1375 1325 1472 1375 corn·

461 1398 721 1486 munientium,
746 1417 824 1475 tum
840 1396 980 1470 demum
1001 1395 1161 1474 contenti
1176 1397 1328 1476 humoris
1352 1400 1474 1478 condis

462 1495 581 1585 tione,
606 1494 732 1596 aliquid
756 1478 847 1570 vaiet
871 1491 1140 1593 repraesentare,
1173 1497 1264 1592 quod
1289 1497 1402 1572 cordis
1421 1497 1475 1570 of·

463 1595 586 1672 ficium
601 1618 720 1693 gerere
736 1592 924 1705 potidaea
942 1593 978 1670 ti
992 1593 1066 1692 quis
1081 1595 1314 1692 angustiorem
1331 1595 1475 1672 nimium

464 1693 651 1772 caritatem
668 1693 740 1792 ejus·
756 1689 968 1769 eminemrae
993 1690 1200 1787 crediderit,
1227 1716 1265 1770 ut
1283 1696 1373 1774 iilam
1395 1719 1476 1795 pro·

324 1887 329 1897 Ι
397 1805 401 1809 ’
464 1815 583 1892 pterea
593 1775 789 1891 iig'nificato
799 1793 843 1865 ab
857 1814 963 1887 opere
973 1790 1191 1881 excluderet,
1208 1792 1235 1868 ia
1246 1795 1365 1870 animo
1380 1815 1476 1869 corna

408 1929 411 1933 ·
464 1890 654 1990 plestatur,
686 1889 722 1965 id
747 1913 854 1966 unum
879 1893 1024 1964 eam'ob
1056 1888 1248 1988 angustiam
1270 1893 1477 1992 contingere

466 1991 650 2080 debuiffe,·
664 1991 826 2066 relate'ad
842 2010 916 2064 rem
939 1988 1107 2081 nostiam,
1134 1991 1229 2090 quod
1246 2012 1396 2090 nempe,
1420 1992 1477 2067 vel

466 2091 593 2166 tardior
617 2090 701 2165 effer
720 2109 834 2166 motus
851 2089 890 2162 in
915 2087 1115 2164 humoribus
1136 2090 1209 2188 ejus
1234 2090 1400 2188 monstri,
1423 2091 1482 2170 vel

467 2186 731 2286 frequentinum
758 2187 929 2262 titionem
958 2188 1150 2262 advocatae
1173 2187 1375 2265 muscularea
1404 2188 1481 2266 ittae

465 2288 598 2377 fibrae,
656 2309 719 2361 uae
747 2285 792 2361 ad
816 2286 1040 2361 eminentiam
1070 2286 1299 2384 pertinebant.
1357 2287 1398 2364 si
1422 2287 1481 2368 cui

467 2391 601 2464 moram
628 2314 723 2462 iacit
752 2387 918 2460 venarum
954 2385 1138 2481 absentia,
1172 2385 1199 2470 ir
1225 2385 1481 2466 dubitationem

467 2508 610 2560 ornnem
633 2484 776 2573 habebit
802 2487 964 2572 solutam·
996 2481 1056 2557 ubi
1085 2483 1364 2562 animadverterit
1386 2494 1483 2564 t'run·

463 2581 763 2662 rumarteriosurn'
778 2584 855 2680 post
868 2585 1009 2671 multas,
1030 2581 1244 2680 diversasque
1258 2585 1482 2662 ramificatio·

468 2708 559 2774 aea,
572 2684 729 2762 tandem
754 2682 789 2755 in
811 2683 896 2755 duas
917 2680 1056 2756 airerias
1077 2682 1301 2770 umbilicaiet‘
1317 2685 1481 2780 desineret

468 2782 617 2859 Urmam
637 2782 764 2880 aliquid
788 2779 1012 2856 Winssowius
1033 2779 1225 2876 fignificare
1249 2781 1413 2880 potuiffet
1438 2785 1484 2856 de

469 2881 612 2958 monstri
635 2883 811 2977 placenta:
838 2879 931 2954 foite
953 2879 1048 2952 enim
1072 2903 1113 2954 a
1140 2881 1394 2956 raetematuraii
1416 2883 1486 2956 hn-

450 2984 525 3082 ‘jua
544 2979 794 3056 constitutione
810 2975 938 3054 sartan
953 2977 1044 3070 fuit,
1067 2904 1280 3056 utirumores
1299 2977 1337 3052 in
1359 2980 1485 3054 eadem

465 3103 543 3155 non
557 3080 649 3156 iiiam
672 3075 904 3153 mutationem
926 3077 1082 3176 recipere
1103 3079 1297 3174 potuerint,
1322 3077 1369 3152 ob
1382 3093 1488 3178 quam

463 3181 571 3256 ruber
593 3177 727 3274 sanguis
748 3192 1015 3273 compararetur.
1071 3177 1255 3249 Caeterum
1281 3197 1429 3266 autem,
1461 3181 1490 3258 n

470 3273 623 3376 quis.ch
647 3280 690 3350 ab
721 3274 788 3348 bac·
817 3273 1098 3371 ipsa-deficiente
1125 3273 1294 3350 rubedine
1322 3272 1489 3375 inhujus

466 3373 614 3454 monstri
641 3371 869 3456 humoribus,
901 3374 1142 3469 argumentum
1177 3372 1240 3450 fibi
1269 3383 1491 3473 compararet

472 3494 597 3549 contra
626 3472 726 3563 illos,
761 3470 820 3568 qui
843 3473 983 3548 rubrum
1003 3485 1196 3546 maternum
1218 3471 1421 3574 sanguinem
1448 3474 1489 3550 in

466 3574 582 3648 istum
600 3571 734 3646 traduci
750 3569 978 3659 arbitrantur,
1002 3571 1031 3645 is
1058 3593 1101 3642 ne
1125 3569 1280 3648 Naturae
1301 3575 1494 3670 evaderetq

469 3669 680 3767 veritatique
699 3667 903 3764 injuriosus?
926 3668 1006 3746 Atia
1020 3666 1071 3744 est
1084 3666 1175 3747 fetus
1186 3669 1300 3766 corde
1315 3672 1494 3747 deficien-

472 3771 517 3848 tia
541 3767 738 3845 observatio
760 3789 780 3838 a
803 3765 921 3842 Brusro
945 3767 1153 3844 Bononiensi
1175 3769 1326 3845 Medico
1347 3770 1495 3847 institu-

472 3891 528 3962 ta,
554 3889 662 3962 eaque
676 3867 719 3941 ab
735 3865 803 3940 alio
821 3889 865 3942 ex
883 3865 1004 3940 nostris
1025 3866 1264 3942 celeberrimo
1281 3867 1494 3944 Medicinae

471 3965 662 4042 Profeiiure
697 3962 880 4064 Hyacinto
905 3962 1042 4063 Voglio
1064 3967 1169 4044 relata
1184 3963 1269 4067 (a).
1294 3967 1424 4068 Agitur
1444 3966 1498 4041 de·

1142 4097 1145 4102 ·
1382 4087 1495 4142 moni

493 4189 1479 4242 Μ-ν--κ-ἱώ-ὲ--α--ι-ὰζ-...μη-..η

518 4291 580 4380 (α)
605 4284 739 4368 Historia
754 4284 855 4354 alaidi
874 4283 993 4354 littori
1000 4303 1078 4374 pag.
1096 4285 1147 4374 38.
