3500 5559
409 690 1292 841 conunnrrn2n

294 932 364 1013 Hie
381 931 546 1012 omnibus
557 931 647 1009 inter
669 934 705 1008 se
728 930 877 1023 collatis,
904 928 945 1008 ἀ
969 953 1104 1013 mature
1123 940 1299 1037 prpenfir
1502 1013 1507 1024 ,

295 1036 443 1113 statuere
459 1058 529 1109 non
559 1029 734 1123 dubitavi,
762 1030 890 1129 pelvim
919 1050 1129 1110 memoratae
1178 1039 1293 1117 uellae
1318 1076 1350 1095 -·

295 1136 388 1209 nullo
405 1135 529 1210 olfium
552 1128 641 1205 vitio
663 1120 825 1206 affretant
847 1130 944 1221 esse,
975 1129 1014 1208 ἃ
1045 1062 1193 1231 proinle
1213 1133 1293 1214 cunr

294 1232 518 1309 matrimonio
540 1227 640 1326 jungi
664 1226 788 1325 polle,
821 1228 914 1327 quod
945 1249 1052 1326 quum
1125 1235 1185 1309 ulo
1211 1235 1292 1333 post

292 1330 508 1429 suscepiliet‚
532 1326 687 1424 sponsum
712 1346 871 1403 vertente
893 1348 985 1406 anno
1005 1352 1056 1411 ex,
1088 1326 1171 1407 elici
1187 1351 1290 1431 partu

292 1430 439 1505 masculo
465 1427 560 1525 prole
589 1423 745 1499 donavit.
805 1424 903 1502 Aliae
936 1424 1071 1525 insuper
1098 1431 1294 1531 complures

295 1528 468 1604 foeminas
489 1522 597 1619 novi,
620 1521 659 1597 δι
682 1523 717 1596 in
740 1520 793 1597 his
816 1522 1006 1620 conspicuo
1029 1548 1158 1625 genere
1179 1551 1289 1625 ortus,
1357 1550 1360 1555 ·

294 1651 380 1725 quae
400 1624 573 1709 multoties
596 1620 800 1698 &feliciter
822 1640 1056 1720 pepererunt,
1087 1626 1220 1710 etiamsi
1244 1649 1292 1709 ex
1425 1678 1430 1689 .

294 1728 456 1800 alterutro
474 1725 579 1797 latere
598 1721 669 1818 jam
693 1720 737 1807 ab
760 1718 978 1797 incunabulis
1002 1722 1141 1801 claudae
1171 1729 1293 1806 effent.
1380 1727 1387 1739 ⁸

294 1820 410 1927 Quam
432 1824 478 1895 ob
503 1842 576 1892 rent
598 1816 772 1913 chirurgi,
798 1821 921 1915 quibus
944 1818 1193 1900 obstetricandi
1212 1849 1291 1903 rnu-

293 1946 357 1998 nus
379 1918 569 2012 incumbit,
595 1916 676 1991 dum
699 1914 977 1994 claudicantibus
989 1916 1154 2000 foeminis
1172 1926 1291 2021 opitu·
1363 1949 1370 1959 ’

292 2022 423 2115 lentur,
444 2014 539 2093 inid
563 2015 741 2103 attendere
766 2013 900 2092 solicite
923 2016 1114 2117 deberent,
1137 2043 1174 2099 ut
1192 2022 1289 2123 ligna

254 2206 260 2216 ,
293 2112 560 2217 exquirant‚·ad
575 2138 675 2213 quam
690 2112 900 2209 poriffimum
931 2113 1080 2191 cunisam
1103 2143 1144 2194 ea
1157 2120 1290 2197 ¹claudi·

284 2218 388 2293 catio
404 2211 444 2294 lit
458 2211 649 2291 referendo.
697 2208 831 2315 Quibus
853 2236 916 2309 per
939 2214 1082 2291 multum
1101 2217 1295 2315 inspeuio·

291 2335 373 2391 neni
391 2312 561 2413 cognitis,
585 2308 624 2387 ἅ
638 2310 751 2385 morbi
764 2326 891 2411 genere
912 2308 1110 2411 diligentius
1130 2320 1287 2417 explora·-

290 2434 351 2507 to,
376 2411 576 2513 expeditius
597 2408 725 2485 deinde
737 2412 808 2486 erit
825 2408 994 2522 chirurgo
1010 2412 1057 2487 de
1070 2411 1193 2491 iisdem
1206 2441 1288 2514 pro·

289 2513 467 2606 nuntiare,
492 2508 916 2609 fiforteejusmodi-casus
930 2512 1138 2607 obveniant,
1165 2516 1222 2614 qui
1237 2519 1284 2590 ob

286 2611 337 2686 rei
358 2608 579 2711 genitorem,
603 2610 660 2686 vel
678 2609 896 2701 novitatem,
923 2616 1127 2705 parentum
1150 2614 1287 2711 sponsu-
1356 2632 1363 2646 ·

287 2728 381 2824 tunt,
406 2729 468 2811 aut
487 2704 743 2809 magistratuum
759 2731 877 2784 curam
900 2704 939 2783 δι
963 2707 1181 2816 vigilantium
1201 2738 1283 2816 pro*

287 2824 494 2890 mereantur.

588 3426 988 3611 Μ
