3500 5559
515 701 602 784 ,μ
701 681 845 758 nn·
889 677 997 767 uun
1037 679 1071 753 a
1110 679 1203 757 ur
1240 684 1260 755 r
1297 686 1338 757 s·

510 862 747 944 destituuntur.
799 862 906 938 Tales
923 863 1062 937 herniae
1078 863 1239 939 dieantur
1255 865 1424 967 existere,
1452 874 1511 957 ubl

509 988 577 1040 una
593 964 673 1038 vice
689 986 731 1035 ac
744 963 856 1037 subito
879 962 1078 1047 intestinum
1098 964 1310 1057 devolvitur,
1335 965 1440 1061 idque
1461 980 1506 1043 ob

509 1062 638 1141 caurus
660 1061 827 1142 violentas
844 1086 865 1149 3·
889 1061 972 1140 dum
991 1081 1118 1149 ¹tuamor
1142 1060 1327 1159 inaequalis
1357 1066 1435 1159 est,
1469 1068 1506 1157 dt

425 1233 428 1251 ,
506 1186 568 1258 per
585 1161 748 1247 summam
763 1180 902 1241 cutem,
926 1159 1102 1259 magisque
1125 1163 1224 1256 supra
1250 1163 1398 1237 scrotum
1421 1162 1505 1239 'emi-

506 1283 596 1350 uer3
629 1260 689 1334 ubi
713 1260 810 1332 dolor
830 1258 1054 1359 puneiotius,
1086 1260 1238 1335 lacerans
1263 1258 1434 1354 infestat,
1467 1264 1504 1349 dt

505 1358 728 1455 strangulatio
753 1354 914 1432 citillime
937 1357 1141 1453 supervenit.
1194 1360 1297 1433 Haec
1320 1384 1411 1437 noxa
1433 1362 1503 1435 dir,

504 1456 640 1535 ficulter
671 1457 831 1533 manibus
861 1457 987 1553 reponi
1018 1451 1160 1551 potest,
1189 1457 1400 1555 ‚videturque
1430 1460 1501 1549 fere

503 1557 695 1651 scalpellum
715 1554 913 1652 exposcere.
961 1554 1098 1631 Etiamsi
1115 1578 1197 1628 ueto
1220 1557 1260 1639 ad
1280 1559 1501 1641 eelotomiam

363 1696 396 1763 1·
503 1656 746 1741 deveniamus,
773 1652 886 1725 danda
909 1652 1063 1748 inprimis
1089 1675 1194 1748 opera
1217 1653 1286 1744 est,
1310 1677 1349 1739 ut
1365 1658 1499 1737 restitu.

504 1754 555 1829 tio
581 1753 644 1826 rire
691 1749 893 1843 efficiatur,
924 1774 970 1824 ne
999 1749 1184 1829 frustranea
1210 1774 1267 1829 aur
1292 1754 1426 1831 lethalis
1450 1757 1499 1847 ila

501 1851 601 1929 soille
620 1778 796 1937 videatur,
822 1850 1114 1945 quemadmodum
1129 1849 1279 1929 funestus
1296 1856 1391 1927 casus
1410 1856 1496 1929 lraud

500 1951 634 2049 pridem
656 1971 719 2023 nos
741 1948 896 2022 edocuit.
952 1948 1018 2021 Vir
1049 1948 1272 2049 quadraginta
1303 1951 1382 2037 fere,
1403 1972 1498 2041 natus

500 2074 633 2136 antius,
671 2046 728 2121 cui
754 2048 826 2144 jam
845 2069 923 2142 per
943 2046 1143 2139 obiennium
1173 2049 1304 2131 hernia,
1319 2050 1496 2149 inguinalis

426 2192 431 2200 ·
483 2168 594 2235 ·erat,
619 2146 828 2244 subligaculo
845 2144 1006 2220 intestina
1025 2147 1215 2242 continuit,-
1240 2153 1351 2251 quoad
1373 2154 1495 2228 eodem

500 2246 683 2329 dilacerato
713 2266 834 2342 parum
866 2243 1025 2320 sollicitus
1053 2244 1178 2319 nullum
1208 2247 1297 2319 aliud
1315 2247 1493 2341 ,adhibuits

499 2348 603 2433 Fortu
614 2400 625 2435 ,
661 2364 766 2441 quum
785 2340 876 2415 febri
899 2364 1114 2439 vexaretur,
1145 2342 1382 2429 Medicorum,
1398 2372 1495 2426 curae

498 2444 565 2530 suso
589 2440 787 2528 commisit,
821 2441 1025 2538 sumptoque
1049 2443 1199 2521 innocuo
1226 2442 1307 2516 alias
1325 2448 1493 2539 leniente.¹

497 2541 575 2639 post
589 2540 716 2638 aliquot
731 2539 831 2625 lroras
842 2562 984 2624 vomere
1002 2542 1243 2634 vehementer,
1259 2539 1298 2620 dt
1313 2545 1494 2630 continens

499 2658 552 2713 ter
568 2659 724 2735 eoepit,-
740 2632 943 2734 quapropter
953 2638 1116 2713 :intestina
1134 2642 1168 2712 in
1190 2640 1337 2721 scrotum
1363 2645 1493 2741 delapsa

497 2740 590 2828 sunt,
616 2759 702 2835 quae
725 2739 852 2830 absque
877 2737 1056 2812 bratherio
1080 2738 1201 2839 mensas
1223 2740 1332 2833 spatio
1354 2741 1393 2817 in
1420 2744 1494 2823 sede

496 2837 733 2925 remanserant,
770 2834 920 2921 ,Verum
936 2856 1074 2936 praeter
1099 2838 1494 2928 butero-Osch'eocelen

381 2988 388 2997 -
495 2960 620 3033 margo
644 2935 750 3011 etiam
764 2930 908 3006 inferior
923 2935 1140 3031 obliquorum
1156 2936 1348 3015 abdominis
1364 2943 1491 3021 muscus

494 3040 625 3117 lorum,
643 3035 701 3131 qui
719 3032 797 3105 ollis
809 3031 909 3109 ilium
926 3032 1070 3127 cristae,
1093 3033 1131 3111 dt
1148 3034 1314 3133 Falloppii
1331 3040 1494 3136 ligamen·

494 3157 535 3211 to.
548 3135 721 3221 inseritur,
746 3129 929 3227 lnlignitet
948 3134 1099 3207 elevatus
1115 3157 1157 3209 ac
1174 3132 1345 3211 distraetus
1360 3138 1493 3234 conspi·

495 3236 684 3312 elebatura
701 3230 797 3328 spina
813 3229 892 3303 ollis
907 3227 1004 3305 ilium
1019 3228 1182 3327 superiori
1204 3257 1305 3328 usque
1326 3236 1367 3311 ad
1383 3236 1492 3333 inguis

494 3334 549 3409 nis
562 3332 743 3422 annulum,
763 3347 807 3401 ut
830 3325 856 3402 lr
878 3329 1060 3409 transversa
1084 3328 1259 3427 cylindrus
1283 3336 1421 3433 oblique
1437 3338 1491 3409 sub

495 3430 536 3514 iis
559 3453 749 3507 excurrens·
758 3426 801 3501 ad
814 3427 990 3503 anteriora
1003 3428 1171 3503 musculos
1186 3451 1333 3524 urgeret.
1386 3435 1497 3531 lgitun

521 3530 679 3605 raemillis
694 3523 957 3618 universalibus,
981 3550 1066 3622 quae
1083 3526 1250 3624 ejusmodi
1267 3531 1361 3607 casus
1376 3531 1493 3629 pollu-

423 3677 426 3682 >
488 3555 586 3723 int,
602 3627 752 3709 maxima
768 3619 909 3707 herniae
932 3646 1007 3719 pars
1030 3622 1174 3715 eodem,
1200 3650 1270 3724 quo
1296 3632 1491 3724 acciderat,
1569 3644 1570 3651 ’

495 3726 556 3803 die
569 3726 724 3809 manibus
739 3719 896 3807 restituta
910 3722 972 3799 est.
1012 3722 1150 3802 Postera
1167 3727 1244 3801 luce
1257 3752 1360 3823 quum
1378 3728 1493 3803 vomi·

496 3823 643 3917 auritio,
675 3819 814 3917 insignis
837 3820 963 3915 dolor,
996 3821 1147 3919 pulsuum
1177 3824 1334 3903 debilitas
1360 3829 1494 3923 ¹aliaque

494 3926 648 4007 adeffent
669 3923 920 4021 symptomata,
953 3944 1018 3995 nec
1036 3918 1270 3997 refundendae
1292 3951 1335 4001 ex
1356 3927 1495 4021 integro

489 4024 635 4103 herniae
648 4021 720 4121 spes
734 4018 838 4113 effer,
860 4016 1050 4095 celotumia
1069 4017 1241 4112 instituta,
1266 4024 1383 4099 fraena
1405 4026 1496 4099 reci·

488 4127 558 4223 la,
588 4120 749 4205 intestina
780 4118 911 4194 remilla
933 4120 1021 4199 sunt.
1078 4124 1128 4207 At
1154 4124 1247 4201 alvus
1274 4126 1497 4223 pertinaciter

1337 4228 1343 4236 '
1406 4225 1499 4301 clau·
