3500 5559
258 901 379 981 Amnii
399 898 595 1000 liquorem,
629 895 656 970 fi
680 897 821 997 bleryur
848 896 1010 992 diligenti
1034 901 1274 979 observatione

175 1058 176 1068 ,
259 999 462 1098 excepisset,
489 998 582 1072 illum
598 995 726 1092 ipsum,
741 1000 796 1071 vel
808 999 1005 1093 quantitate
1022 1001 1277 1095 excedentem,
1360 1011 1362 1022 ’

175 1178 176 1183 ,
258 1104 312 1177 vel
328 1097 471 1173 naturali
487 1116 507 1170 a
523 1096 616 1171 statu·
626 1096 773 1166 alienum
788 1096 1029 1191 conspexisset.
1055 1097 1274 1176 Excremen-

175 1190 176 1241 ³
261 1201 355 1274 titias
369 1198 461 1270 enim
474 1191 764 1269 humorumfetur
781 1191 982 1292 particulas,
1007 1217 1087 1270 curn
1109 1201 1212 1273 amnii
1234 1201 1273 1275 li·

259 1317 344 1395 quur
358 1295 551 1386 contineat,
577 1316 614 1366 ut
633 1293 779 1364 Monroi
802 1295 1035 1388 comprobant
1055 1283 1299 1392 experimen-⁶

259 1419 317 1490 ta,
343 1391 625 1469 constitutionem
640 1389 833 1484 sanguinis,
852 1389 1100 1488 humorumque
1116 1394 1206 1484 setus
1222 1398 1274 1494 ip·

260 1495 327 1570 stur
352 1494 441 1566 valet
462 1489 629 1565 indicare.
686 1489 756 1563 Sed
787 1487 898 1564 habeo
921 1513 1008 1588 quae
1027 1491 1134 1587 ipsam
1154 1517 1274 1570 contra

260 1589 539 1668 observationem
569 1585 710 1690 propius
742 1589 920 1684 objiciam.
984 1591 1160 1686 Sanguine
1183 1596 1274 1691 quast

259 1688 425 1768 exhausta
449 1689 644 1785 hujusmodi
664 1687 756 1761 fetus
777 1685 855 1761 vasa
876 1686 994 1779 fuisse,
1009 1691 1174 1786 ‚apprime
1194 1717 1275 1766 mo·

258 1811 321 1865 net
338 1790 483 1887 Meryut
497 1788 588 1881 (a),
611 1785 757 1860 omnino
777 1784 904 1859 eodem
923 1799 1034 1859 vacnn
1050 1789 1199 1864 extitisse
1219 1789 1273 1888 (l)

258 1889 388 1962 deinde
403 1884 602 1962 conscribit.
659 1884 697 1957 Si
717 1883 843 1978 aliquid
872 1883 1042 1980 sanguinis
1063 1886 1274 1984 observavit,

258 2011 323 2061 cur
336 2006 447 2061 vacua
461 1982 605 2057 omnino
621 1979 1036 2078 postmodum-affirmat?
1051 1983 1087 2057 Si
1102 1984 1187 2058 nihil
1202 1987 1277 2062 sani

257 2088 374 2182 guinis
390 2082 498 2174 vidie,
523 2106 583 2156 cut
598 2080 690 2154 hunc
706 2079 815 2173 ipsum
841 2079 1054 2175 conspexisse
1074 2077 1274 2179 significati

260 2186 356 2290 Quid
389 2205 473 2276 ergo
500 2180 549 2278 es}
578 2179 891 2253 concludendum?
930 2179 1147 2256 Tacentibus
1174 2187 1275 2262 nobis

259 2286 400 2382 quisque
418 2278 522 2354 facile
542 2278 716 2373 intelligit.
771 2275 896 2351 Nolim
918 2297 1035 2352 autem
1058 2279 1152 2355 vitae
1172 2281 1278 2357 defu

175 2413 178 2423 ’
261 2385 355 2457 ctum
370 2382 407 2456 in
421 2377 490 2454 boc
505 2378 582 2452 fetu
596 2377 640 2450 ad
660 2377 984 2472 Meryiopinionem
1002 2379 1273 2458 confirmandam

184 2474 188 2484 ’
260 2479 408 2556 traduci.
463 2478 581 2552 Tanta
593 2475 688 2551 enim
702 2477 738 2548 in
755 2476 943 2549 abdomine
959 2477 1131 2572 sanguinis
1152 2480 1274 2557 effusio

259 2603 331 2653 non
347 2575 464 2676 potest
476 2577 555 2672 quin
572 2573 839 2670 compressiones
856 2573 1046 2652 admoueat
1069 2599 1191 2660 contra
1216 2579 1283 2655 su-v·

258 2676 558 2772 niculum‚quibus
567 2672 741 2770 sanguinis
754 2671 935 2749 circulatio
951 2672 1025 2770 ipso
1041 2673 1076 2748 in
1091 2676 1168 2751 fetu
1184 2679 1275 2754 adeo

257 2777 498 2875 perturbetur,
523 2791 562 2847 ut
577 2771 637 2845 hic
651 2771 789 2844 tandem
805 2770 932 2846 debeat
949 2771 1106 2849 interire:
1131 2775 1275 2852 sednul·

259 2877 295 2948 la
314 2872 480 2970 pressione
494 2868 684 2943 funiculum
703 2867 803 2942 fuisse
825 2867 1008 2965 asfedbum,
1044 2871 1136 2945 hunc
1161 2875 1274 2974 ipsun

259 2972 408 3046 liberum
423 2965 487 3078 (t)
513 2966 550 3038 in
566 2982 667 3038 utero
685 2963 834 3038 extitisse
855 2967 988 3060 profert
1010 2969 1168 3063 Meryur.
1218 2976 1274 3050 Ita

260 3068 361 3144 sane:
388 3087 445 3164 qut
465 3083 551 3137 vero
570 3083 641 3134 non
662 3059 779 3149 videt,
804 3063 943 3136 causum
965 3065 1273 3167 comprimentem,

263 3185 393 3262 nempe
414 3160 615 3257 sanguinem
638 3157 675 3234 in
695 3158 882 3237 abdomine
905 3160 1102 3236 haerentem
1132 3169 1177 3239 ab
1203 3167 1274 3244 hoc

260 3267 344 3341 loco
359 3261 494 3358 penitus
519 3254 617 3333 fuisse
640 3255 864 3352 subductum,
897 3281 966 3358 quo
989 3283 1148 3360 ternpore
1175 3288 1274 3344 cont·
1352 3263 1357 3280 '

259 3359 437 3462 preffionit
451 3357 605 3433 absentia
619 3352 833 3435 effirmatur?
1026 3395 1031 3416 ι

176 3510 180 3519 ·
311 3457 531 3533 XXXXlV..
550 3453 671 3529 Venio
691 3459 792 3532 nunc·
807 3456 850 3532 ad
872 3454 1097 3556 Heisterum,
1133 3464 1274 3562 acujur

258 3558 398 3658 quidem
417 3548 777 3630 observationeverbo
794 3579 882 3651 nno,
899 3559 953 3632 vel
970 3559 1080 3634 altero
1093 3583 1150 3632 me
1165 3585 1273 3660 expe·

260 3660 334 3745 dio.
391 3655 543 3752 Mulier,
575 3677 662 3750 quae,
680 3653 859 3752 geminam
891 3656 1023 3753 prolem
1055 3658 1272 3838 gestaveratst,
1322 3737 1325 3745 ,

1193 3785 1240 3857 po

271 3957 1257 3992 mm

301 4077 367 4154 (a)
389 4077 413 4141 1.
436 4092 462 4140 e.
479 4092 556 4164 pag.
580 4095 653 4156 242.

205 4242 207 4245 Ι
301 4161 408 4239 (bll.
431 4181 454 4222 c.
472 4162 648 4247 pawn&
778 4214 784 4224 .

299 4244 370 4330 (tl)
393 4244 517 4358 Ibidem.

264 4370 273 4377 ⁸
