3500 5559
405 748 1121 845 cononum-A.
1201 796 1279 875 eug

288 952 336 1029 ris
352 932 581 1041 brevitatem3
606 971 692 1049 quae
717 969 833 1024 tamen
856 965 926 1022 turn
951 946 1091 1041 nostris,
1115 960 1189 1028 runi
1209 958 1288 1055 put.
1344 936 1347 941 ’

291 1050 384 1127 chris
399 1052 458 1136 cl.
488 1054 588 1125 Bonu
625 1048 697 1149 (a)
726 1044 969 1149 speciminibus
989 1049 1130 1148 egregie
1158 1047 1289 1132 confil-

174 1236 178 1243 ,
284 1170 439 1241 mantnt.

345 1271 403 1345 57,
429 1244 497 1321 Sed
513 1263 649 1345 praeter
667 1244 813 1323 cervicis
838 1243 1043 1322 brevitatem
1063 1245 1101 1323 de
1116 1246 1292 1328 defectum

291 1346 542 1437 ¹consideranda
566 1346 666 1420 venit
690 1342 798 1438 nimia
823 1346 898 1445 ejus
920 1343 1122 1443 obliquitas,
1147 1371 1206 1423 aut
1226 1374 1291 1445 po·

290 1450 360 1533 tius
373 1448 408 1521 in
425 1444 646 1532 transversum
667 1442 831 1535 diresin,
856 1466 956 1543 quam
972 1465 1093 1542 quarto
1108 1447 1187 1519 loco
1206 1472 1290 1545 pto·

264 1596 267 1607 ·
287 1546 477 1649 posuimus.
529 1542 699 1647 Quamvis
714 1544 808 1617 enirn
827 1542 885 1617 hic
901 1566 970 1617 nou
985 1543 1124 1623 deficiat
1142 1547 1290 1642 cervix,

290 1647 425 1720 tantum
443 1662 559 1719 tamen
574 1642 619 1717 de
633 1622 726 1717 aitus
751 1641 969 1739 longitudine
991 1642 1158 1734 detrabit,
1184 1670 1289 1744 quan·

291 1764 332 1830 to
354 1740 459 1841 magis
482 1740 642 1817 deorsum
663 1738 827 1829 inclinat,
853 1761 957 1836 atque
982 1744 1127 1813 eandem
1153 1742 1291 1822 inducit

290 1844 432 1945 labem,
464 1862 565 1939 quam
591 1864 612 1914 a
639 1838 828 1913 deficiente
857 1838 1291 1921 aut-decureutaceruiee

289 1942 392 2043 gigni
409 1938 678 2015 observavimus.
735 1936 886 2013 ¹Etenim
917 1937 1050 2011 femora
1084 1938 1133 2012 ita
1164 1942 1292 2016 consti·

292 2048 380 2117 'tuta-
396 2038 473 2111 sunt
499 2038 535 2112 in
558 2036 726 2123 homine,
773 2054 810 2108 ut
837 2035 934 2132 snpra
964 2036 1158 2113 devaricato
1177 2036 1292 2137 'mugit

290 2141 388 2232 fiut,
414 2136 508 2221 infra
528 2154 773 2231 couvergant,
805 2130 843 2214 δι
866 2134 1007 2208 interior
1027 2130 1196 2234 condylus
1219 2160 1291 2213 non

290 2239 334 2327 srr
353 2233 491 2333 longior
512 2236 713 2325 exteriore,
755 2252 858 2331 atque
885 2233 973 2306 adeo
1000 2232 1143 2309 semoris
1167 2236 1292 2317 collum

289 2336 419 2437 pollice
441 2334 584 2409 omnino
608 2335 694 2409 ultra
716 2332 971 2415 trochanterem
1000 2333 1252 2429 superemineat
1275 2389 1291 2432 ‚

265 2432 383 2533 ¹quod
404 2432 563 2531 obliquae
590 2432 768 2525 cervicis3
796 2452 886 2529 quae
911 2430 1033 2505 sursum
1051 2432 1114 2512 fit,
1149 2453 1291 2529 proten·
1369 2446 1374 2467 ‘

287 2534 376 2617 fioni
391 2530 443 2607 eli
464 2530 734 2618 abscribendum.
785 2533 838 2605 At
859 2529 884 2604 sr
905 2529 1016 2605 femur
1037 2528 1132 2608 redeo
1154 2531 1290 2629 suspen·

287 2632 402 2722 ditur,
426 2648 465 2705 ut
487 2651 594 2728 caput
617 2630 874 2715 &trochanter
896 2629 940 2716 ad
966 2628 1112 2709 eandem
1127 2630 1192 2706 surr
1208 2631 1290 2709 alti·
1330 2683 1333 2689 -

292 2728 468 2816 tudinem,
493 2749 576 2804 tunc
599 2731 740 2827 condyli
755 2726 976 2822 discrepant,
1008 2724 1200 2806 &interior
1223 2729 1289 2804 ali·

292 2844 465 2925 quantum
480 2824 618 2921 longior
640 2828 846 2900 observatur·
909 2824 1045 2901 Contra
1067 2828 1092 2901 fi
1115 2828 1152 2901 id
1177 2825 1307 2910 scmur‘
1334 2905 1338 2914 ,

291 2923 439 3021 paullum
460 2923 505 2997 ael
528 2922 746 3003 hmiaontem
770 2920 954 2996 inclinatur
974 2922 1050 3012 src,
1082 2942 1120 2997 nt
1145 2924 1293 3023 condyli

292 3026 329 3107 itt
352 3018 498 3095 condem
521 3019 647 3094 lineam
669 3018 855 3109 incidant,
892 3038 995 3116 atque
1017 3019 1197 3095 introrsum
1211 3047 1293 3096 ver·

290 3140 353 3221 gat
373 3118 514 3195 semoris
536 3140 757 3212 extremum²
788 3140 864 3197 tum
888 3140 973 3191 vero
989 3139 1096 3215 caput
1111 3120 1217 3219 longe
1240 3122 1293 3199 su·

290 3220 484 3319 peremInet
510 3218 735 3293 trocbanteris
756 3218 946 3306 verticem,
972 3240 1073 3315 atque
1089 3217 1146 3292 bic
1161 3218 1212 3294 est
1226 3242 1293 3317 po·

292 3320 390 3409 fitur,
424 3336 525 3416 quem
546 3314 582 3390 in
606 3312 754 3413 corpore
776 3314 964 3392 secuudum
987 3337 1143 3391 naturam
1157 3319 1301 3399 servato

250 3479 253 3492 .
292 3403 346 3502 ul
358 3440 442 3500 vero
466 3413 525 3489 hic
548 3414 648 3507 colli,
681 3413 720 3503 dt
743 3414 866 3512 cupitis
888 3414 1043 3491 excelsus
1065 3413 1209 3512 femoris
1230 3438 1293 3494 au·
1386 3475 1388 3478 ψ

292 3532 353 3615 get
373 3512 651 3613 longitudinem,
684 3512 776 3610 quasi
800 3506 932 3587 summo
952 3513 1013 3591 olli
1028 3512 1155 3611 aliquid
1180 3514 1289 3595 suerit

290 3614 542 3711 litperadditum
562 3636 574 3698 ς
608 3610 655 3697 lic·
678 3612 857 3688 decurtata
871 3630 931 3687 aut
946 3610 1134 3692 deficiente
1150 3614 1300 3693 cervice

272 3707 427 3797 'necesse
443 3710 493 3803 est
514 3708 674 3794 contrabi
693 3709 834 3785 femoris
857 3708 1134 3808 longitudinem,
1159 3713 1292 3802 etiamsr
1343 3723 1346 3729 '
1374 3791 1376 3794 ,
1438 3747 1445 3765 =

292 3808 339 3985 iit
354 3828 427 3983 hora
441 3812 514 3996 {gur
527 3807 685 3909 cylindro
702 3808 898 3909 ocondylis
918 3806 964 3883 ad
981 3810 1218 3892 trocbantercs
1234 3810 1297 3891 'ni-
1325 3881 1334 3891 .
1381 3875 1383 3877 .

296 3982 301 3995 ,
343 3975 345 3979 .
378 3930 442 3993 ece
470 3928 543 3985 ent.
877 3927 880 3935 ’

876 4113 879 4119 ,
1222 4019 1290 4107 st.

313 4319 395 4411 ga)
418 4314 514 4396 loo
534 4280 718 4405 nonen
738 4312 795 4399 ⁶82
852 4254 856 4266 i
1114 4293 1117 4301 ’
