3500 5559
609 804 616 839 ε
670 753 1018 868 jj-mtrvua

424 951 579 1040 tunica'e
601 944 784 1061 vaginulis
813 916 1069 1041 anatomicam
1088 952 1409 1066 descriptionem,

423 1116 650 1204 Mediolani
676 1135 794 1224 1777.
823 1114 1081 1226 divulgatam,
1102 1145 1192 1204 curn
1214 1119 1411 1228 ipseante

422 1257 573 1386 aliquot
600 1303 723 1363 annos
741 1387 746 1401 Ι
764 1281 919 1364 herniae
962 1284 1191 1391 congenitae
1216 1287 1346 1370 icones
1371 1291 1412 1370 in

409 1445 550 1567 lucem
585 1445 845 1548 emittebam,
885 1443 1117 1553 consulere,
1154 1450 1299 1533 etiamsi
1321 1471 1413 1534 tunc

423 1611 608 1714 temporit
636 1608 753 1693 nullis
779 1607 966 1694 sumtibus
984 1589 1250 1720 pepercerim,
1277 1618 1413 1720 nequi·

278 1781 281 1785 ’
420 1777 499 1877 vi,
546 1774 729 1881 illamque
775 1775 920 1880 publici
966 1773 1063 1882 juria
1113 1773 1191 1859 effe
1230 1773 1371 1862 fabiam
1392 1830 1427 1900 ,Ι

422 1958 473 2049 ea
500 1936 623 2024 diario
646 1937 897 2050 Gottingenst
926 1961 1201 2047 cognoveram.
1239 1940 1414 2026 Simulat·

424 2124 501 2209 que
529 2104 643 2210 igitur
664 2103 762 2187 haec
796 2099 978 2208 opuscula
1008 2103 1058 2187 ad
1087 2128 1151 2190 me
1177 2127 1415 2212 pervenere,

422 2287 582 2374 operam
620 2265 709 2350 darc
747 2265 933 2367 decrevi,
971 2285 1017 2347 ut
1045 2267 1085 2351 dc
1115 2266 1287 2353 Vosmet
1302 2292 1347 2352 ea
1375 2273 1415 2353 in

366 2461 370 2468 ¹
417 2426 583 2527 Nestios
612 2427 703 2514 usuc
727 2421 957 2514 convertere
976 2423 1159 2534 polletis,
1194 2456 1242 2515 ac
1269 2433 1412 2517 Biblio-

416 2596 542 2704 polis,
581 2596 722 2704 quibus
748 2593 924 2677 Caldanii
950 2591 1204 2680 institutiones
1233 2595 1410 2698 debetis,

378 2724 382 2737 ¹
417 2757 552 2858 suasi,
589 2759 663 2843 hos
688 2757 871 2842 tractatus
900 2757 1037 2842 eadem
1074 2755 1235 2856 forma,
1272 2758 1411 2841 iisdem
1498 2719 1502 2742 ᾗ

420 2922 727 3028 characteribus,
758 2920 919 3005 describi
944 2940 1132 3006 curarent.
1176 2921 1292 3031 'Qua
1311 2926 1351 3004 in
1372 2946 1413 3006 re

418 3106 510 3172 cunr
539 3083 663 3171 client
692 3089 897 3194 occupati,
926 3083 1110 3193 Ejusdem
1138 3085 1328 3169 Pallcctae
1347 3087 1412 3167 ad-

311 3240 317 3268 ¹
415 3247 576 3338 versarint
593 3251 772 3333 medico·
785 3251 1024 3356 chirurgica,
1052 3245 1181 3355 elapso
1202 3271 1306 3330 anno
1328 3251 1409 3331 edi·

417 3433 495 3522 ta,
540 3414 582 3497 &
610 3410 895 3538 praetendunt
928 3414 1311 3512 commentationes,
1340 3437 1408 3520 pag

415 3574 492 3665 trio
545 3574 722 3659 sermone
767 3565 1011 3682 conscriptae
1024 3635 1039 3678 ,
1085 3575 1187 3660 lctiu
1247 3577 1406 3685 digniisr·

414 3767 520 3845 mae,
549 3742 590 3825 dc
618 3740 810 3849 sanguinis
838 3713 1049 3839 naturam,
1078 3763 1123 3820 ac
1154 3738 1285 3846 spinae
1306 3765 1407 3822 mor·

415 3907 512 3994 bum
543 3902 733 4014 cypholin
754 3965 769 4007 ,
791 3898 1069 4007 illustrantes,
1102 3905 1257 4016 latinam
1289 3904 1331 3988 in
1359 3908 1404 3987 iis

355 4130 360 4144 ι
411 4072 577 4173 invem,
614 4070 666 4154 de
698 4067 978 4156 claudicatione
1019 4071 1258 4175 congenita,
1283 4090 1403 4174 :quae

410 4236 514 4339 adeo
541 4237 718 4348 placuit,
761 4254 806 4323 ut
848 4233 948 4320 banc
984 4231 1094 4317 alteri
1131 4231 1304 4340 ejusdcm
1332 4235 1404 4318 viri

1307 4395 1405 4506 (cui
