3500 5559
407 799 408 811 κ
492 802 567 857 202
634 778 701 856 or
750 745 1340 855 ennun1cn'rronr

394 971 400 991 ⁸
484 960 751 1059 lustrandoque,
783 957 819 1033 in
849 981 967 1035 corum
992 978 1109 1037 tamen
1141 962 1233 1036 nullo
1259 961 1330 1039 live
1354 958 1486 1035 fradlu·

486 1087 564 1145 rae,
589 1062 660 1152 srve
680 1058 991 1151 comminutionis,
1023 1059 1094 1134 sive
1118 1059 1486 1138 consertuminationis

487 1160 672 1258 vestigium
697 1158 796 1232 licuit
823 1157 1093 1254 deprehendere.
1141 1160 1260 1234 Multo
1281 1180 1398 1237 autem
1415 1157 1484 1232 mi·

487 1284 552 1336 nus
566 1258 602 1334 id
627 1257 806 1332 videbatur
832 1258 876 1331 ab
903 1256 1064 1331 exteriori
1088 1255 1254 1333 violentia
1277 1256 1483 1351 contigisse,

486 1359 580 1459 quod
607 1356 732 1431 vitium
756 1351 845 1429 vitio
869 1354 1050 1431 manifeste
1077 1351 1180 1431 fuerit
1210 1355 1484 1455 superadditum,

485 1480 631 1557 quorum
652 1454 943 1552 unumquodque,
977 1452 1000 1527 li
1027 1475 1088 1551 per
1111 1452 1145 1526 su
1170 1449 1360 1551 extitisset,
1384 1451 1482 1528 clau·

283 1578 286 1585 ·
309 1620 312 1627 ,
486 1558 570 1632 dunr
587 1574 698 1631 artum
719 1555 864 1629 reddere
893 1550 1066 1650 potuisset.
1118 1555 1161 1627 In
1176 1554 1281 1649 priori
1302 1555 1422 1643 cnim‚'
1438 1548 1483 1628 ά

484 1652 523 1731 in
540 1654 716 1751 postremo
736 1651 899 1747 exemplo
921 1671 1054 1749 praeter
1077 1650 1157 1725 colli
1178 1651 1354 1729 defedlum
1376 1668 1486 1747 caput

487 1753 598 1850 ipsum
620 1752 819 1840 vitiatum,
841 1745 879 1823 dc
892 1750 994 1824 ‘insta
1024 1748 1232 1846 produitum
1258 1752 1480 1841 observatur,

427 1850 435 1865 '
486 1851 581 1951 quod
617 1850 745 1926 fradlae
769 1846 917 1922 cervicis
947 1848 1172 1941 suspicionem
1202 1869 1302 1927 certo
1329 1847 1481 1938 adimit3

485 1949 613 2049 quaesi
634 1948 817 2046 aliquando
844 1947 1046 2043 contigisset
1070 1969 1141 2021 non
1164 1947 1291 2050 capitia
1312 1949 1481 2050 figuram,

485 2050 543 2125 sed
564 2050 637 2146 ejus
651 2045 871 2125 substantiam
891 2045 1099 2141 potissimum
1120 2047 1332 2144 corrupisset.
1379 2046 1480 2122 llaec

485 2152 659 2223 autem'ea
675 2144 868 2240 soliditate,
892 2143 1038 2238 duritie,
1062 2142 1101 2223 dt
1120 2146 1326 2244 cartilagine
1344 2146 1479 2247 expoli-

484 2268 521 2324 ta
536 2246 691 2345 praedita
707 2242 778 2337 est,
802 2266 867 2349 qua
887 2244 956 2317 olla
972 2243 1048 2319 sana
1058 2242 1186 2343 jugiter
1201 2245 1479 2333 constituuntur3

486 2368 599 2442 neque
617 2344 747 2418 isthaec
762 2340 929 2438 cartilago
942 2344 987 2417 ab
1009 2342 1103 2417 osseo
1118 2344 1386 2443 parenclaymate
1402 2344 1478 2420 ulli·

486 2444 527 2519 bi
550 2441 702 2534 secedit,
729 2439 856 2533 utifit,
872 2442 955 2515 dum
971 2440 1086 2516 subtus
1103 2442 1173 2517 olla
1188 2444 1310 2539 exesa,
1332 2464 1391 2519 aut
1410 2444 1479 2517 alio

431 2567 437 2603 1
486 2543 592 2617 rnodo
606 2541 794 2637 depravata
818 2537 1088 2633 conspiciuntur.
1138 2542 1264 2637 Neque
1286 2542 1395 2629 istus.
1419 2564 1481 2619 aut

487 2640 672 2717 contuso,
703 2658 762 2709 aut
785 2635 926 2732 quaevis
953 2634 1017 2712 alia
1054 2635 1247 2724 violentia,
1277 2665 1342 2738 qua
1370 2662 1479 2735 caput

485 2758 605 2816 contra
621 2737 815 2837 ,caritatem
830 2732 1006 2827 allidatur,
1032 2737 1104 2831 ejus
1122 2737 1266 2834 ligoram
1284 2741 1330 2816 src
1346 2740 1479 2816 immu-

484 2860 558 2915 tare
579 2835 739 2935 possunt,
774 2854 811 2908 ut
832 2832 960 2908 alicubi
981 2836 1180 2936 excrescat,
1204 2838 1286 2912 alibi
1309 2838 1480 2936 deprima-

485 2960 568 3031 tur,
601 2935 685 3035 quin
708 2929 929 3030 cartilagines
959 2933 1183 3025 articulares,
1215 2932 1255 3011 dr
1275 2941 1414 3037 cotyle,
1436 2938 1479 3019 dt

484 3036 615 3114 osseum
631 3030 862 3129 parenchymo
884 3032 963 3106 labe
979 3033 1044 3106 ulla
1060 3030 1263 3109 afficiantur.

535 3142 596 3225 5⁶·
621 3134 680 3209 De
694 3131 790 3207 allata
806 3128 1033 3226 superioribus
1049 3129 1197 3206 historiis
1213 3130 1480 3215 claudicationis

483 3234 595 3312 caussa
610 3229 699 3307 visus
713 3226 763 3302 est
776 3226 946 3305 dubitasse
957 3230 1235 3329 Morgagnus'(a
1245 3231 1282 3324 l,
1297 3231 1396 3327 seque
1412 3234 1477 3308 de·

484 3353 627 3429 ceptum
642 3327 742 3405 fuisse
759 3327 939 3423 pertimuit
954 3325 989 3399 in
1005 3328 1248 3425 duabus‚quae
1262 3330 1307 3404 ad
1323 3354 1480 3407 temno·

481 3429 585 3510 stram
606 3427 770 3521 faciunt,
805 3424 1122 3513 observationibus;
1147 3425 1184 3499 in
1207 3450 1348 3523 quarum
1369 3430 1478 3506 altera

482 3530 623 3609 semoris
647 3522 770 3603 sinistri
784 3519 820 3597 in
834 3524 958 3598 clauda
972 3523 1127 3600 foemina
1148 3526 1322 3599 cervicem
1338 3529 1478 3603 brevio·

481 3646 557 3707 rem
580 3623 644 3700 srbi
663 3624 770 3700 visam
795 3620 921 3712 fuisse,
953 3622 1034 3714 ait,
1065 3644 1168 3721 quam
1190 3625 1361 3701 mediocri
1384 3627 1478 3703 illius

378 3722 383 3735 '
472 3723 660 3805 memmae
682 3722 829 3797 staturae
856 3719 1085 3798 conveniret:
1124 3721 1159 3795 in
1182 3725 1288 3799 altera
1317 3723 1477 3801 aniculae

475 3822 646 3911 uidelicet
667 3815 869 3917 decrepitae
889 3838 1000 3898 artum
1025 3820 1204 3896 dexterum
1225 3820 1376 3899 eandem
1397 3824 1478 3900 vitii

473 3922 628 4003 caussam
643 3920 769 3997 habere
782 3916 890 3995 visum
909 3914 1032 4013 fuiffc,
1053 3942 1178 4017 nempe
1196 3920 1344 3999 cervicis
1358 3922 1478 4037 semo·

1433 4044 1484 4101 na

490 4202 1476 4243 mmmm-⁶⁸⁸⁸*
1210 4210 1214 4216 ’
1349 4238 1355 4251 .

470 4336 484 4449 s
516 4335 591 4425 ω
606 4332 738 4421 ssl’if‘·
755 4340 790 4453 n,
808 4348 861 4402 ao.
877 4339 932 4404 ξι.
969 4440 974 4447 '
