3500 5559
193 844 281 895 v,
459 788 1167 874 ΟΟΝὒΕΝΙΤΛ.
1245 818 1316 885 ¹⁹9

315 972 393 1049 labe
414 970 580 1048 affedium
601 970 669 1047 esse
705 968 933 1049 existimarem
946 1006 961 1063 t
999 996 1110 1073 neque
1137 974 1228 1050 enirn
1252 976 1318 1057 uia

291 1070 410 1146 'circa
435 1070 702 1147 articularionem
726 1071 821 1243 dgna
849 1070 1021 1165 aderant,
1054 1097 1099 1149 ex
1123 1075 1246 1171 'quibus
1268 1078 1315 1153 do

312 1168 448 1245 diverso
469 1169 581 1245 morbi
604 1191 733 1265 genere
766 1170 910 1266 uspicari
932 1170 1063 1248 licerer.
1114 1172 1226 1269 Igitur
1250 1175 1312 1249 de·

311 1268 421 1343 trodio
459 1268 528 1343 osse
558 1265 777 1355 innominato
801 1291 882 1343 curn
905 1269 1038 1343 femore
1063 1294 1107 1345 ex
1140 1266 1310 1351 cadavere

310 1367 483 1463 capsulam
506 1362 635 1457 incidi,
655 1362 707 1442 'dc
721 1364 790 1441 ossa
805 1369 915 1463 probe
939 1367 1026 1445 inter
1041 1370 1075 1443 se
1090 1369 1309 1447 deanicusuta

310 1463 497 1562 conspexi,
527 1465 587 1541 nisr
609 1464 702 1561 quod
726 1466 851 1539 cervix
875 1464 1016 1541 femoris
1031 1467 1139 1565 magis
1152 1466 1305 1543 adhori·

232 1612 238 1629 ³
307 1564 480 1662 zuntalem
505 1560 712 1663 pontionem
737 1562 1136 1660 videbaturdeclinare,
1168 1590 1213 1641 ex
1239 1563 1305 1663 qua
1428 1649 1431 1660 ,

309 1660 501 1737 ἀίτεᾶἰίοηε
525 1663 633 1738 etiam
656 1678 763 1757 caput
791 1662 898 1759 magis
927 1663 1082 1740 deorsum
1112 1664 1307 1761 propende·

307 1760 402 1933 igar,
436 1760 476 1839 dc
505 1782 686 1862 propterea
715 1756 825 1833 femur
854 1760 965 1858 ipsum
1001 1760 1138 1839 brevior
1175 1762 1308 1839 efficie-

337 1878 423 1935 atur.
1277 1932 1282 1939 .

358 1974 423 2051 51.
446 1954 497 2033 Os
512 1954 609 2032 ilium
628 1954 831 2051 depuratum
848 1955 894 2031 nil
910 1979 930 2030 a
944 1955 1036 2033 resia
1050 1955 1301 2037 constitutione

306 2056 472 2131 recedere
493 2054 663 2153 apparuit.
719 2052 845 2131 Femur
870 2075 988 2131 autern
1024 2058 1156 2130 duobus
1192 2056 1305 2137 modis

306 2153 470 2229 affediunr
490 2175 587 2230 erar:
619 2170 726 2248 caput
746 2156 819 2252 ejur
835 2176 906 2228 non
927 2152 1304 2252 persedieglobosum,

306 2254 365 2329 sed
397 2254 511 2329 versus
531 2252 707 2327 vsummanr
738 2273 868 2349 partem
895 2254 1123 2349 elongatum,
1166 2273 1304 2331 caetera

305 2352 542 2451 perpolitum,
572 2349 805 2449 cartilagine,
843 2348 882 2427 dr
904 2351 1097 2446 ligamento
1120 2350 1221 2426 tereti
1246 2352 1302 2428 in·

305 2448 481 2527 standum.
532 2451 661 2528 Cervix
681 2448 821 2526 brevior
838 2445 1010 2548 apparet,
1035 2453 1133 2548 cujus
1148 2450 1301 2623 lwlssitfl·

307 2549 473 2643 doabasr
490 2550 714 2627 trochanteriu
735 2546 780 2629 ed
803 2573 900 2625 oram
925 2548 1180 2645 cartilaginoam
1216 2574 1302 2646 upe·
1403 2551 1410 2565 ‘

306 2649 430 2724 riorem
445 2648 567 2746 capitis
587 2648 749 2725 undecim
771 2648 821 2725 est
833 2648 1019 2737 linearum,
1045 2651 1082 2725 io
1099 2648 1229 2744 reliquo
1243 2671 1302 2721 au·

307 2766 378 2821 tem
392 2747 526 2820 ambitu
540 2746 660 2822 cervix
682 2748 804 2821 elatior
825 2746 896 2830 est,
927 2766 965 2821 ut
979 2769 1083 2843 caput
1102 2743 1140 2821 δι
1155 2770 1175 2819 a
1190 2744 1302 2819 ferno-

281 2867 362 2934 -ιε,
393 2842 432 2917 dt
452 2867 473 2917 a
493 2844 770 2928 trochanteribus
790 2842 1004 2939 disjunctum-1
1021 2846 1175 2918 exroslat.
1232 2844 1309 2940 Sed¹

297 2965 376 3039 ¹quo
397 2940 556 3015 maxime
568 2959 697 3037 peccat
724 2943 864 3034 ceruix,
896 2938 980 3014 illud
995 2941 1065 3029 cst,
1090 2940 1183 3033 quod
1199 2957 1307 3017 trans·

306 3039 403 3114 versa
418 3034 603 3135 diresiione
625 3040 660 3113 in
680 3035 792 3111 fernur
813 3036 964 3130 desrnar,
996 3038 1152 3131 adeoque
1174 3037 1219 3112 ad
1239 3060 1302 3113 an·
1427 3107 1433 3132 „

306 3140 423 3235 gulunr
446 3134 656 3212 restilineunr
676 3158 756 3210 curn
778 3135 835 3211 illo
858 3155 988 3227 coeat,
1014 3158 1057 3211 ex
1073 3157 1141 3232 qua
1155 3134 1301 3211 inclina·

306 3235 400 3325 tione
423 3253 530 3333 caput
552 3258 623 3309 non
642 3233 809 3333 assurgit,
841 3255 880 3308 ut
904 3252 1101 3328 oporteret,
1126 3235 1210 3311 ultra
1234 3253 1303 3318 tro·

305 3335 477 3410 chanteris
497 3333 663 3429 apicem,
695 3354 796 3431 arque
824 3332 908 3405 hinc
936 3330 1048 3406 femur
1071 3330 1212 3409 brevius
1235 3332 1303 3407 effe

305 3433 432 3508 debere
454 3434 495 3507 in
519 3452 702 3529 comperto
726 3432 790 3508 est.
833 3429 973 3528 ⁴Neque
1001 3434 1047 3503 ob
1077 3430 1180 3543 susam
1210 3431 1301 3507 hanc

289 3532 529 3615 dirediionem
552 3528 720 3628 culpanda
736 3530 788 3605 est
809 3528 946 3617 cervix,
972 3529 1029 3603 sed
1047 3529 1094 3603 ob
1109 3530 1211 3605 asiam
1233 3530 1299 3627 op·

304 3632 389 3728 pido
415 3631 593 3725 rariorem,
628 3652 748 3727 utpote
768 3651 854 3725 quae
872 3648 918 3701 cx
934 3626 1142 3702 transversali
1156 3626 1302 3725 positio·

305 3753 350 3802 ne
365 3732 466 3823 paulo
489 3728 594 3802 etiarn
615 3728 651 3801 in
673 3730 881 3803 anteriorem
909 3747 1044 3820 partem
1059 3747 1301 3831 promopetur,

303 3850 370 3930 quo
385 3827 447 3920 fir,
479 3849 516 3902 ur
531 3826 646 3925 capite
670 3824 821 3902 anterius
844 3820 956 3918 magis
977 3821 1163 3922 provecto,
1188 3844 1302 3901 rorum

214 3934 221 3941 '
256 3952 258 3957 ’
302 3952 341 4001 os
363 3922 504 4001 semoris
522 3923 630 4025 magis
650 3922 828 4005 retrorsum
852 3922 1066 4018 compulsum
1091 3919 1159 3997 esse
1180 3920 1303 3998 videa·

308 4046 374 4101 tur.
706 4046 708 4051 ·
752 4040 755 4046 ·
1056 4063 1059 4072 ·

358 4142 419 4213 52.
445 4117 599 4209 Eadem,
622 4138 661 4195 ut
677 4114 894 4217 fignificavi,
919 4112 978 4191 die
993 4114 1084 4194 inter
1100 4121 1207 4195 multa
1221 4117 1305 4212 alia,

306 4218 453 4295 cadaver
475 4216 623 4293 hominis
644 4216 802 4311 robusti,
834 4214 961 4313 quiex
974 4218 1097 4290 morbo
1112 4217 1306 4292 inflamma·
1347 4223 1353 4233 ⁴

307 4315 400 4395 torio
424 4314 640 4414 decesserat,
671 4317 705 4395 se
730 4312 883 4491 obkulim
917 4313 1015 4414 cujus
1028 4314 1209 4426 dexterum
1234 4334 1311 4488 eduen
1545 4408 1551 4419 ,

838 4434 887 4507 41
1293 4449 1308 4472 ,
1383 4436 1387 4441 ,
