3500 5559
385 703 388 707 -
452 682 521 777 ¹⁹4
595 662 662 754 up
712 640 1302 767 autumnatione

486 838 652 919 Latitudo
673 830 857 935 scissurae,
890 864 976 941 quae
997 840 1047 917 est
1067 841 1209 919 inferius
1241 839 1286 914 ad
1313 840 1440 943 empsit

441 944 547 1023 finem
572 940 661 1040 polla¹
681 966 713 1019 1.
740 940 797 1015 lin.
823 944 877 1019 6.'
1230 1010 1234 1015 .

491 1039 665 1119 Caassitiea
688 1040 879 1145 marginum
902 1037 1077 1122 acetabuli
1089 1040 1133 1116 ab
1149 1038 1222 1139 ejut
1234 1037 1375 1129 orificio
1391 1040 1438 1115 ad

438 1150 574 1217 tainum
590 1140 693 1237 pubis
703 1140 927 1217 transversum
952 1139 1011 1214 lin.
1028 1160 1064 1235 5.
1089 1190 1094 1197 ,
1249 1160 1253 1171 ·

490 1240 549 1314 Ad
564 1238 614 1316 ilii
629 1240 704 1315 offis
718 1237 849 1313 faciem
866 1235 1066 1312 interiorem
1079 1236 1141 1311 liu.
1162 1254 1205 1330 3.

487 1337 547 1413 Ad
563 1338 797 1413 incavatutam
810 1335 1025 1415 ischinticam
1040 1336 1122 1435 poll.
1144 1356 1174 1411 1.
1201 1330 1259 1407 lin.
1277 1356 1311 1429 3,

488 1436 622 1537 Capitis
651 1434 792 1512 femutis
816 1433 999 1533 longitudo
1029 1433 1217 1510 secundum
1246 1430 1321 1529 ejus
1346 1456 1437 1512 con·

360 1552 362 1562 ’
440 1558 570 1611 vexam
587 1535 800 1631 superficiem
818 1534 948 1631 sumptu
963 1530 1046 1632 poll.
1063 1556 1098 1631 3.
1123 1530 1185 1609 lin.
1201 1548 1240 1623 5.

489 1632 658 1718 Latitudo
674 1632 827 1732 ejusdem
848 1635 930 1729 poll.
951 1655 984 1709 a.
1010 1633 1070 1707 lin.
1086 1653 1124 1725 9.
1299 1716 1302 1721 ,

333 1808 334 1815 1
488 1730 653 1808 Extensto
683 1731 807 1831 cupitis
831 1734 876 1804 ab
904 1730 1086 1807 insertione
1110 1722 1292 1827 ligamenti
1322 1728 1439 1823 cebetis

335 1876 337 1881 ·
378 1870 381 1877 ·
440 1828 487 1907 ad
504 1828 727 1907 trochanteris
749 1830 852 1907 basam
869 1831 947 1926 poll.
973 1856 1006 1906 1.
1032 1833 1089 1907 lin.
1108 1850 1166 1903 11.
1261 1852 1266 1872 ·

455 1984 457 1993 a
489 1931 548 2003 Ab
569 1930 722 2028 ejusdem
744 1927 925 2029 ligamenti
946 1930 1051 2006 fovea
1073 1925 1119 2003 ad
1145 1922 1290 1999 limbum
1311 1925 1436 2026 capitia

437 2024 637 2129 inferiorem
654 2030 736 2127 poll.
758 2052 792 2103 ι.
820 2028 881 2102 lin.
900 2050 936 2122 4.
1353 2109 1355 2113 ,

488 2126 670 2203 Dimenlio
696 2128 883 2203 transversa
897 2130 941 2200 ab
957 2124 1082 2202 eodem
1106 2123 1299 2227 ligamento
1322 2121 1366 2197 ad
1386 2124 1437 2197 la·

320 2241 326 2252 ’
369 2210 372 2311 J
441 2222 541 2301 bruta
564 2224 712 2325 anterius
735 2225 880 2328 capitia,
904 2227 996 2327 quod
1009 2230 1140 2329 pubem
1153 2224 1285 2327 speblat
1298 2224 1380 2319 poll.
1400 2248 1432 2300 1.
1578 2211 1580 2230 ⁸

436 2320 686 2536 hln‘Afbiuculu
709 2420 890 2525 pmedidu
916 2421 962 2496 ad
991 2422 1122 2516 labrum
1146 2420 1317 2525 posterius
1336 2418 1437 2519 capi·

439 2522 565 2716 mliii·
586 2526 686 2695 l⁶iittc
712 2614 930 2709 manifestum
956 2618 1034 2714 est,
1064 2559 1240 2695 vinculum
1261 2602 1436 2694 internum

438 2715 687 2797 non'insettum
703 2716 805 2794 fuiffe
828 2718 864 2791 in
882 2716 984 2815 ipsas
1003 2719 1284 2819 capitisnceutrm
1309 2742 1433 2814 quem·
1578 2699 1579 2740 ³

181 2825 186 2836 '
258 2831 281 2887 .’
433 2814 625 2893 admodum
639 2814 677 2891 id
695 2836 803 2915 neque
819 2818 855 2892 in
879 2816 963 2891 sanis
986 2815 1174 2892 semoribus
1197 2817 1349 2904 accidit,
1374 2816 1433 2889 sed

436 2916 537 3011 paulo
571 2912 734 3008 inferius,
751 2939 866 3015 'quam
892 2914 1007 3004 solet3
1041 2912 1081 2990 dc
1111 2939 1287 3011 praeterea
1310 2914 1434 3009 capitis

437 3008 627 3091 maximam
661 3010 1001 3091 convexitatem&
1037 3014 1254 3112 superficiem
1284 3016 1436 3105 anterius

437 3108 538 3212 suillt-
559 3112 733 3210 positam3
764 3113 906 3189 alteram
928 3133 1043 3189 autem
1069 3114 1195 3211 capitis
1216 3112 1434 3209 superficiem
1457 3168 1461 3174 -

389 3212 391 3217 ’
437 3208 617 3285 tet'totsum
640 3209 865 3311 alligamento
882 3211 1089 3309 diremptam
1105 3215 1216 3288 minus
1232 3212 1433 3310 extensam,

437 3308 617 3423 minusque
626 3330 826 3414 convexam
847 3309 957 3387 fuisse.
989 3310 1434 3425 superficieait'empquae
1579 3364 1580 3399 t

437 3405 671 3505 ala'gamento
698 3404 744 3485 ad
774 3402 937 3505 majorem
963 3412 1216 3485 trochantetem
1245 3431 1434 3509 perungit,

436 3506 623 3613 latiur‹est,
648 3532 750 3607 quam
766 3510 891 3600 altera,
916 3534 1000 3606 quae
1021 3512 1193 3585 minorem
1206 3508 1335 3607 spectat
1358 3532 1432 3585 tre·

352 3664 354 3669 ,
435 3602 648 3684 enumerem.
710 3608 825 3711 Quum
849 3608 987 3682 cervice
1010 3608 1083 3702 sere
1110 3605 1346 3683 destitueretur
1369 3632 1430 3684 ca·

363 3702 369 3710 ’
435 3722 528 3800 put,
559 3703 712 3803 margine
733 3706 902 3807 superiori
928 3706 1033 3782 balim
1057 3706 1169 3782 ferme
1198 3706 1430 3785 trochautetis

425 3802 657 3907 attingebat,
691 3826 804 3898 aquo
835 3806 939 3878 sulum
972 3805 1069 3881 lineis
1096 3806 1246 3903 quinque
1268 3804 1431 3885 distabat.

438 3902 515 3999 lpse
536 3898 617 3975 u'etu
640 3902 838 3977 truchanter
860 3903 1020 3978 undecim
1041 3904 1146 3980 lineas
1168 3902 1349 3981 altitudine
1370 3928 1431 3980 ca·

436 4024 498 4095 put
521 3999 662 4081 semonia
685 4000 905 4097 excedebat,
937 4025 1023 4100 quae
1048 3995 1211 4079 undecim
1235 4000 1347 4077 lineae
1367 4028 1431 4081 ex·

436 4090 599 4177 cedentes
622 4098 647 4177 li
670 4124 751 4177 cum
773 4100 814 4175 iia
832 4102 1087 4200 supputentur,
1118 4126 1205 4203 quae
1231 4100 1268 4177 iu
1291 4106 1433 4276 cervidce

473 4228 479 4237 ·
1399 4225 1437 4277 e·
