3500 5559
454 711 503 800 ⁶4
617 689 1298 780 onsunvn'nrontns

389 974 394 980 .
448 882 527 984 post
541 907 645 962 unum
660 884 770 960 fetum
786 883 1238 972 exclusum,remrlientibur
1252 883 1465 976 inlutt'ruse·

451 985 595 1082 cundia,
621 987 720 1082 gravi
733 983 820 1057 adeo
843 981 1107 1080 haemorrhagia
1128 989 1283 1078 colrepta
1306 983 1396 1076 fuit,
1420 987 1464 1064 ut

346 1151 349 1158 .
449 1086 663 1176 occubuerit.-
715 1082 921 1167 Incisronern
938 1081 1115 1158 cadaveris
1138 1081 1316 1160 Htisterur
1342 1084 1462 1178 prose·

434 1203 551 1258 cutus
565 1183 645 1257 fuit.
694 1181 855 1253 Placenta
872 1180 916 1254 ad
935 1202 1051 1253 natum
1064 1179 1174 1255 fetum
1190 1182 1365 1278 pertinens
1387 1203 1462 1256 rna·

450 1304 520 1378 gna
536 1305 579 1354 ex
596 1303 692 1376 parte
706 1284 749 1352 ab
771 1300 868 1360 utero
886 1301 957 1352 erat
981 1278 1152 1377 separata,
1177 1279 1231 1352 illa
1254 1289 1358 1386 veru..
1373 1291 1464 1376 quae

451 1378 645 1454 funiculum
661 1373 851 1475 recipiebat
868 1377 958 1452 fetus
973 1378 1008 1449 in
1024 1378 1170 1464 matrice
1184 1377 1301 1454 adhuc.
1318 1375 1467 1457 naeren-

452 1481 517 1568 tis‚
542 1477 623 1552 huic
640 1477 783 1550 omnino
798 1476 1015 1550 adhaerebat.
1057 1476 1287 1564 Membranae
1302 1472 1466 1575 integrae

454 1596 573 1670 ¹erant,
599 1577 676 1650 vasa
692 1597 805 1650 autem
821 1575 918 1671 hujus
934 1574 1035 1673 ipsrus
1056 1575 1163 1666 fetus,
1192 1583 1263 1651 non
1281 1576 1393 1662 secut,
1416 1597 1464 1648 ac

453 1675 511 1751 illa
527 1672 818 1770 matrissanguine
834 1697 944 1751 vacua
970 1670 1105 1748 suerunt
1130 1666 1329 1769 conspecta.
1375 1669 1467 1775 Quin

454 1797 527 1847 non
541 1772 637 1846 videt
652 1772 846 1868 hujusmodi
864 1772 979 1846 casum
1005 1795 1074 1848 non
1093 1771 1223 1848 inesse
1246 1787 1471 1867 enarratum,

455 1883 496 1949 'ut
520 1871 748 1968 suspicionem
771 1869 934 1947 excludat
955 1869 998 1942 de
1023 1871 1157 1946 duobus
1178 1870 1346 1968 placentis
1363 1889 1466 1946 com

455 1969 710 2045 manicantibus
721 2026 741 2058 ,‚
757 1968 866 2068 denne
884 1966 1083 2063 sanguinea
1099 1968 1188 2046 setun
1205 1969 1291 2044 vasis
1313 1973 1470 2066 evacuaq
1513 1985 1517 1994 '

456 2091 497 2144 to
522 2090 591 2141 non
622 2090 682 2166 per
706 2068 797 2139 tiam
820 2068 973 2142 vasorum
995 2069 1106 2158 uteri,
1139 2062 1195 2142 sed
1219 2063 1468 2164 persubituli2

456 2167 556 2242 Nihil
575 2164 734 2255 invenio,
759 2166 852 2262 quod
867 2168 1099 2261 placentarum
1115 2163 1160 2242 ab
1177 2160 1466 2242 invicemdistnrt

458 2268 546 2343 tiarrr'
571 2288 813 2353 commoneat,
845 2266 930 2337 nilril
954 2267 1044 2361 quod
1078 2266 1239 2341 excludat
1266 2262 1472 2340 earumdet‘r‘i

458 2363 833 2454 communicationem,
860 2365 949 2458 quod
968 2386 1083 2439 tamen
1102 2363 1241 2461 srmplex
1257 2360 1400 2460 injedlio
1414 2361 1469 2438 fa·

460 2464 529 2556 tile
551 2461 712 2556 potuisset
736 2463 964 2536 manifestare.
1032 2463 1106 2536 Vix
1129 2464 1221 2538 enim
1243 2462 1313 2539 duo
1334 2459 1469 2541 meoser'

455 2564 536 2637 sunt
556 2559 660 2657 clapsi
684 2583 729 2636 ert
749 2583 811 2649 eu,
835 2585 915 2634 cunr
946 2558 1106 2636 secundas
1130 2560 1311 2638 observavi
1336 2559 1470 2635 incasu

459 2659 643 2752 mulieris„
676 2681 763 2755 quae
793 2661 950 2753 geminos
982 2660 1072 2733 setus
1099 2667 1197 2736 utero
1235 2658 1471 2750 recondebat,

461 2781 613 2854 quaeque
630 2759 825 2854 praegressis
847 2757 983 2834 summis
1003 2780 1116 2854 partus
1136 2761 1327 2849 laboribus,
1352 2755 1472 2830 obste-

462 2858 563 2932 tricia
578 2877 678 2930 manu
694 2853 843 2952 indiguit
856 2857 897 2930 ad
914 2857 1059 2953 primurn
1082 2855 1191 2932 fetum
1211 2857 1469 2955 expellendum:

459 2957 634 3050 {aniculus
650 2954 891 3051 prorinuslult
912 2958 1049 3051 ligatur:
1077 2960 1244 3054 urgebant
1265 2953 1397 3050 ,dolores¹
1418 2955 1471 3026 al·

465 3055 566 3148 terius
581 3054 671 3130 setun
684 3054 893 3148 ejestionem
909 3056 1146 3146 sollicitantes,
1162 3060 1250 3132 viret
1261 3055 1472 3152 languebant
1593 3068 1596 3083 '

462 3154 668 3254 plurimum,
693 3155 781 3229 setus
795 3173 947 3230 mortuus
969 3175 1061 3228 erat:
1086 3147 1333 3232 extrastionem
1358 3149 1473 3224 felici·
1525 3235 1529 3240 ¹
1595 3203 1596 3206 ,

374 3265 384 3287 ⁶
464 3275 517 3328 ter
532 3253 680 3348 perfecit
696 3253 899 3347 Chirurgus,
925 3251 1013 3346 ipsus
1027 3265 1111 3326 ueto
1126 3255 1295 3348 utriusque
1309 3251 1400 3326 fetus
1422 3250 1473 3324 se·

465 3351 594 3424 cundas
610 3352 713 3449 paulo
729 3350 806 3445 post
820 3351 942 3425 mulier
961 3349 1156 3436 evacuavit.
1195 3349 1378 3427 Placentae
1393 3371 1476 3444 pro·

462 3451 624 3526 stiterunt
639 3449 748 3538 duae,
774 3447 984 3522 adinvicem
1003 3448 1245 3541 adhaerenter,
1270 3466 1402 3545 ananie
1416 3449 1475 3534 ,alc

465 3549 530 3626 ‘teri
548 3569 608 3642 per
623 3545 728 3644 digiti
743 3547 923 3620 transversi
938 3546 1120 3636 craffitiem
1140 3546 1285 3624 firmiter
1309 3545 1475 3643 superim-

375 3728 381 3735 ,
464 3653 671 3746 ponebatur.
734 3643 837 3748 Quae
864 3646 1024 3741 placenta
1063 3644 1255 3723 funiculum
1281 3646 1476 3741 recipiebat

464 3746 567 3844 primi
584 3744 675 3820 fetus
691 3743 853 3839 sanguine
868 3744 976 3816 multo
996 3721 1220 3842 inipltitutur,
1245 3767 1352 3844 eaque
1366 3744 1477 3840 pluti-

466 3869 562 3918 mnm
576 3863 648 3918 erat
666 3840 868 3918 tumel'astr:
897 3843 960 3916 alia
981 3843 1141 3940 placenta
1162 3846 1361 3920 consuetam
1384 3841 1477 3914 resti

466 3947 564 4017 relrnt
586 3941 863 4038 amplitudinem:
899 3961 972 4016 turn
1003 3941 1141 4038 tepidae
1164 3965 1271 4040 aquae
1292 3944 1479 4036 fomento,

467 4056 541 4117 tum
558 4044 680 4114 blanda
696 4041 860 4138 pressione
876 4039 994 4114 curavi
1008 4040 1204 4139 sanguinem
1221 4042 1312 4136 illum
1329 4063 1477 4114 evacua·

468 4167 521 4228 re,
537 4141 642 4237 quiin
667 4143 880 4216 tumescente
905 4135 1065 4234 placenta
1087 4143 1339 4217 continebatur.
1372 4136 1478 4212 Post·

467 4240 609 4316 modurn
623 4237 660 4317 in
676 4241 868 4325 alteramex
879 4237 1127 4318 urnbilicalibut'
1139 4238 1289 4334 arteriis,
1298 4238 1483 4410 pertint&
