3500 5559
494 677 614 769 nn
712 673 1102 782 uranu
1243 715 1291 788 ῃ

279 867 465 948 inonsttdsa
491 874 600 971 puella
626 893 768 950 carente
790 873 933 972 capite,
966 871 1139 966 brachiis,
1164 871 1294 967 corde,

280 971 559 1070 diaphragmate5
582 975 722 1071 aliisque
736 971 922 1048 visceribus
937 995 1007 1060 non
1026 971 1167 1068 panem
1200 969 1293 1050 Dili-

304 1097 364 1145 ens
385 1070 574 1167 inspedlio,
599 1093 672 1146 tum
695 1071 840 1166 Voglii,
873 1092 947 1144 tum
978 1071 1185 1161 vamme,
1217 1093 1291 1148 tum

276 1095 421 1261 ilenti,
453 1170 685 1260 coenulam,
711 1169 794 1244 nihil
812 1167 911 1244 cordi
935 1169 1138 1264 analogum,
1162 1169 1290 1258 hocin

275 1266 431 1342 monstro
461 1268 579 1364 potuit
603 1271 790 1362 evolvere,
831 1290 935 1366 atque
960 1267 1182 1342 Vallisnerius
1215 1267 1289 1368 (a)

275 1364 475 1463 hujusmodi
490 1367 686 1442 testimonia
702 1367 788 1444 tanti
805 1363 911 1458 fecit,
940 1365 978 1442 ut
991 1389 1070 1440 cum
1085 1387 1185 1440 antea
1204 1371 1293 1442 'coni

182 1506 184 1517 ν
278 1484 330 1546 tta
344 1464 380 1536 id
400 1487 508 1561 genus
531 1463 787 1549 observationes
802 1465 1115 1564 pronunciarilletq
1139 1483 1222 1540 tunc
1234 1466 1292 1566 ju·

278 1561 412 1637 dicium
427 1545 634 1658 cohibuill'et
649 1565 755 1640 suum.
805 1566 893 1640 Non
910 1587 979 1662 ego
999 1583 1121 1638 contra
1135 1561 1290 1660 gratilli-

276 1674 411 1736 morum
424 1660 611 1755 Virorum,
639 1686 721 1758 quos
737 1667 845 1737 modo
861 1661 1036 1746 recensui,
1052 1665 1106 1738 vel
1125 1662 1292 1737 autorita-

278 1775 388 1854 tem,
421 1762 474 1832 vel
499 1756 688 1856 autopstam
718 1758 925 1852 affirmabo,
956 1760 1027 1835 imo
1054 1781 1136 1834 vero
1158 1760 1289 1838 etiamst

277 1861 402 1949 nullam
419 1854 627 1933 mentionem
645 1853 770 1933 fallam
783 1857 972 1956 intelligam
990 1855 1034 1931 de
1050 1857 1135 2028 ¹vqlis
1153 1856 1289 1956 sangui-¹

276 1960 379 2053 seris,
404 1977 545 2052 quorum
562 1957 702 2052 quidem
726 1976 873 2038 examen
888 1957 1068 2054 plurimum
1095 1952 1219 2030 uminis
1238 1956 1292 2030 af·
1326 1983 1328 1990 ·

277 2057 371 2132 serre
385 2054 546 2156 potuillet
563 2057 606 2126 ad
632 2055 713 2130 illud
738 2055 1041 2152 conspiciendum,
1067 2051 1160 2154 q'uod
1184 2050 1290 2128 detre-

279 2173 402 2253 gatur,
426 2145 519 2225 dabo
550 2149 674 2250 facile,
701 2153 891 2229 monstrum
913 2151 983 2228 huc
998 2149 1140 2228 caruille
1162 2150 1292 2252 corde,

278 2275 393 2349 neque
405 2253 585 2347 analogum
601 2251 785 2350 quidquam
802 2251 1003 2329 occultasse.
1041 2251 1163 2326 Noliln
1179 2255 1291 2330 tamtn'

277 2349 408 2428 'exinde
425 2349 610 2444 concludi,¹
633 2351 770 2426 rubrum
789 2348 990 2448 sanguinem
1006 2348 1154 2426 materni
1177 2350 1291 2428 cordis

278 2449 416 2527 actione
430 2446 465 2522 in
485 2447 625 2522 monstri
649 2447 726 2526 uasa
745 2449 924 2548 impulsum
945 2473 1008 2548 pet
1031 2447 1119 2524 haec
1139 2447 1291 2546 ipsacir·

198 2607 202 2613 ·
278 2547 489 2642 culatiqnem
508 2545 706 2648 perfecille,
734 2571 771 2623 ut
790 2545 973 2654 ptopter'ea
995 2545 1166 2644 sanguinis
1180 2566 1201 2619 a
1217 2561 1292 2623 mai

279 2669 332 2725 tre
349 2647 384 2724 in
401 2641 511 2739 fetum
534 2647 688 2720 transitus
708 2647 877 2724 allera'tur.
927 2647 1019 2722 Cum
1037 2667 1184 2746 namque
1196 2644 1291 2719 rese·

278 2742 333 2822 ta't
348 2744 497 2840 Voglius
522 2740 612 2841 (l),
637 2745 858 2821 monstrosam
877 2745 1168 2842 puellameditam
1192 2743 1292 2820 suille'

275 2827 358 2950 post
375 2853 507 2936 partum
524 2840 803 3009 alteriuspuellae
817 2845 944 2934 vivae,
969 2866 1073 2944 atque
1088 2843 1293 2936 completae,¹

197 2997 202 3010 .
279 2941 458 3034 utramque
482 2937 647 3033 peculiari
683 2941 820 3014 uniculo
840 2941 984 3036 ditatam
1006 2939 1124 3027 fuisse,
1150 2939 1291 3035 placen·

280 3061 353 3120 tam
377 3058 459 3109 veto
484 3034 701 3108 communem
733 3035 908 3128 habuiffe,
933 3037 1157 3134 susptcidnem
1179 3031 1293 3134 injicit

277 3137 412 3245 primae
433 3135 565 3230 puellae
586 3132 648 3209 'cot'
662 3130 917 3208 circulationem
933 3125 1172 3232 gubernarisse
1185 3133 1220 3210 in
1239 3137 1293 3212 al.

231 3249 237 3260 ⁴
280 3231 512 3324 tenueram,
539 3254 719 3329 quaecum
735 3233 777 3308 iit
800 3230 933 3329 primae
955 3233 1047 3308 suani
1062 3231 1228 3309 haberent
1252 3236 1291 3312 in
1380 3237 1383 3246 “

278 3336 441 3433 placenta
457 3326 822 3408 communicationem.
872 3331 972 3408 Hinc
988 3355 1056 3411 nnn
1080 3325 1220 3406 difficile
1239 3331 1292 3407 in·

272 3427 472 3528 adfigitur,
498 3427 767 3528 descriptionem
788 3429 950 3523 monstri,
968 3457 988 3505 a
1004 3427 1139 3528 voglio
1154 3431 1294 3549 expoli-

280 3549 353 3605 tam
364 3550 460 3621 ‚non
477 3526 558 3601 illud
567 3532 814 3625 comprobare,
832 3529 924 3628 quod
939 3525 1141 3609 Anatumici
1153 3535 1294 3628 quidam

279 3627 508 3704 contendunt.
563 3628 694 3722 Neque
723 3629 890 3703 diversum
919 3629 1009 3704 aliud
1041 3627 1294 3712 animadverte*

278 3743 382 3825 tem„
403 3723 461 3798 ubi
485 3725 595 3801 sermo
610 3725 692 3802 ellet
708 3725 752 3808 de
765 3726 946 3827 parasitico
969 3727 1046 3803 fetu
1069 3748 1090 3802 a
1115 3723 1294 3806 Roedete·

998 3848 1000 3854 ·
1251 3851 1292 3910 ru
1326 3859 1348 3926 ῃ

296 4051 395 4145 qa)
418 4047 561 4126 lllcmuir.
589 4051 627 4121 de
654 4045 778 4118 l’Acad.
809 4043 928 4137 Royale
965 4041 1016 4110 des
1040 4043 1172 4116 aurenca
1196 4059 1289 4128 1740·

276 4152 365 4305 padi
374 4152 484 4298 qwd'n

748 4271 871 4376 a
