3500 5559
458 712 1299 835 5u'oasanvnrronus

434 968 436 972 -
461 935 501 985 ro
532 909 598 1011 (a)
625 874 848 1000 examinum,
882 910 936 984 vel
965 907 1009 980 de
1031 907 1184 982 monstro
1204 933 1222 984 a
1244 911 1374 1006 Meryo
1401 910 1470 1007 (l)

459 1011 653 1106 descripto,
680 1029 719 1082 ut
733 1007 825 1080 enirn
841 1029 974 1082 eertum
990 1009 1114 1104 aliquid
1133 1006 1362 1086 concludatur
1378 1013 1422 1082 ab
1438 1011 1474 1084 id

460 1133 568 1208 genus
589 1105 885 1182 observationibus
901 1137 926 1192 ‚¹
947 1129 1016 1177 non
1040 1105 1152 1179 fetum
1184 1107 1286 1179 unice
1313 1107 1473 1204 diligenti
1544 1197 1550 1212 Ι

316 1271 321 1287 .
355 1182 360 1192 Ι
419 1273 425 1288 ,
459 1207 756 1301 contemplatione
778 1203 932 1301 prosequi
965 1225 1105 1305 oportet
1117 1230 1135 1315 :-
1152 1205 1223 1301 ipsa
1245 1226 1378 1304 quoque
1400 1205 1472 1302 pla.

458 1324 562 1378 centa
592 1305 726 1378 debitas
756 1325 905 1376 meretur
933 1302 1248 1396 considerationes:
1282 1306 1401 1402 Atque
1425 1305 1470 1378 ad

456 1400 580 1501 Mery'i
598 1402 786 1500 praecipue
813 1401 998 1475 monstrum
1021 1403 1113 1498 quod
1141 1401 1295 1493 attinet,
1331 1402 1472 1480 videant

457 1502 534 1592 alii,
561 1525 642 1576 num
657 1499 809 1600 ejusdem
832 1500 975 1578 Antoris
995 1499 1272 1590 conclustosatis
1291 1525 1373 1574 vere
1388 1515 1471 1598 pro·

456 1599 609 1688 feratur,
633 1599 810 1696 postquam
827 1620 1023 1673 enarratum
1036 1599 1121 1690 fuit,
1147 1598 1334 1673 monstrum
1354 1604 1473 1698 genii.

362 1785 365 1801 Ι
452 1723 535 1772 num
552 1695 650 1773 fuine
666 1697 851 1772 secundum
866 1716 1020 1772 naturam
1044 1695 1221 1771 constituti
1235 1697 1347 1793 fetus,
1373 1725 1394 1772 e
1411 1724 1472 1774 cu·

422 1857 428 1875 .
452 1800 507 1893 jus
527 1795 718 1870 ‘umbilicali
741 1795 897 1870 funiculo
919 1793 1322 1894 atiusproficiscebatur,
1349 1799 1407 1895 qui
1432 1799 1469 1872 in

451 1890 639 1988 monstrum
654 1895 841 1971 desinebat.
881 1893 965 1968 Non
981 1893 1106 1991 ignoro
1124 1893 1401 1972 observationem
1424 1897 1470 1969 de

452 1995 573 2069 Sorice
597 1995 727 2091 majore
748 1996 789 2070 ab
816 1991 1067 2106 Edinburgensr
1102 1992 1252 2067 Medico
1275 1997 1471 2076 communi·

452 2115 672 2186 catarticum·
696 2094 927 2182 Boerhatvro,
978 2112 1082 2189 atque
1106 2115 1130 2164 a.
1162 2093 1354 2186 Sivietenio
1381 2096 1469 2169 rela-

452 2210 530 2274 tam,
553 2192 632 2288 (c).
680 2186 732 2265 lta
751 2216 794 2265 ne
810 2214 894 2266 vero
910 2189 1014 2264 facile
1028 2189 1122 2264 alleri
1136 2189 1270 2290 potest,
1296 2195 1371 2270 vau
1389 2198 1468 2267 abs·
1507 2229 1510 2238 ’

450 2313 517 2388 que
537 2290 643 2374 corde
657 2288 691 2362 in
711 2288 852 2365 thorace
870 2290 958 2386 quast
982 2285 1082 2362 fuille
1105 2289 1229 2372 soluta,
1256 2311 1294 2366 ut
1309 2292 1467 2388 graviffi·

450 2413 526 2462 rnus
554 2388 695 2484 quidam
726 2391 958 2465 Anatonticur
986 2387 1258 2482 pronunciavit?
1315 2393 1371 2464 An
1395 2415 1466 2466 non
1588 2433 1590 2440 ·

448 2486 541 2571 enirfu
567 2488 668 2559 talem
699 2486 856 2562 vasorum
877 2483 1220 2585 finem-impediebat
1246 2485 1327 2563 illud
1355 2490 1464 2587 quod·

453 2596 621 2681 cunique,
647 2585 739 2681 quod
774 2585 958 2660 auriculam
983 2582 1175 2679 referebat,
1209 2585 1367 2684 quodque
1389 2591 1466 2684 pul·

449 2695 570 2756 mones·
591 2682 680 2756 inter
703 2703 776 2757 erat
800 2681 1040 2758 collocatum?
1089 2685 1145 2758 An
1169 2705 1238 2756 non
1265 2708 1327 2758 cor
1351 2685 1464 2782 ipsum

448 2779 486 2852 in
502 2779 564 2864 illo,
580 2792 750 2878 'corpore,
784 2780 879 2879 quod
903 2803 1007 2856 unurn
1030 2803 1146 2853 renem
1168 2781 1363 2880 stutuebat,
1390 2807 1462 2860 turn

447 2899 590 2952 externa
609 2879 923 2975 configuratione,'
937 2901 1012 2955 turn
1029 2876 1165 2953 interna
1187 2878 1350 2956 structura
1371 2881 1461 2958 faci·

393 2985 395 2988 ’
445 2977 477 3048 le
497 2977 734 3076 dignoscitur?
784 2980 929 3075 Longus
954 2977 1077 3069 είῖεῐτι,Ι
1110 2975 1277 3052 fivellem
1299 2979 1461 3058 observa·

447 3075 559 3150 tiones
582 3099 702 3152 omnes
726 3077 769 3156 ad
792 3097 939 3152 examen
965 3099 1158 3168 revocare,
1199 3099 1285 3173 quae
1308 3078 1345 3153 in
1369 3080 1462 3156 hanc

445 3173 734 3262 remafferuntur:
751 3175 897 3251 sufficiat
916 3199 1015 3248 unarn
1032 3197 1146 3250 earum
1163 3174 1372 3272 adjungere,
1397 3204 1461 3256 nu·

443 3295 507 3366 per
526 3276 570 3344 ob
594 3277 713 3348 oculos
731 3274 875 3371 positam
897 3275 974 3347 Viri
995 3273 1096 3346 nobis
1113 3272 1315 3350 'arniciffimi
1327 3277 1460 3352 Domi·

445 3369 517 3444 iri'ci
542 3371 670 3447 Patutii
688 3371 829 3446 Medici
843 3371 1077 3466 Solertiffimi,
1103 3370 1207 3467 inque
1230 3372 1461 3454 Cadaveribur

441 3466 638 3549 incidendis
653 3470 785 3546 nemini
797 3469 952 3547 secundi.
1005 3470 1110 3545 Fetus
1131 3469 1169 3544 in
1191 3470 1307 3548 lucem
1327 3476 1460 3572 prodiit

1308 3629 1310 3636 ,
1359 3597 1459 3650 tuon-

437 4019 458 4089 ρ
485 3919 740 4068 (alggComrnent.
765 3920 872 3987 Societ.
896 3917 979 4006 Reg.
1002 3918 1114 3985 Scienr.
1140 3919 1280 4023 Gotting.
1295 3919 1378 3989 Tora.
1397 3921 1453 3993 lr.

448 4026 511 4092 'og-
532 4030 542 4071 r
563 4027 565 4032 '
596 4051 601 4064 ·
1151 4012 1172 4042 e

483 4089 549 4168 (ὓ)

436 4188 589 4341 nicil.
603 4277 630 4323 c.
657 4256 722 4326 Vol.
739 4253 767 4319 I.
789 4258 822 4322 r'n
838 4269 901 4326 not.
918 4253 962 4322 ad
974 4257 1005 4343 §·
1026 4277 1095 4342 170.
1112 4273 1194 4346 pag·
1209 4257 1282 4342 256.

572 4087 715 4153 Memor'r.
740 4085 777 4153 cle
795 4085 921 4154 l’Acarl.
939 4043 1055 4174 Ropali
1069 4066 1121 4155 iles
1135 4086 1270 4158 scientes
1290 4112 1342 4159 an.
1359 4107 1453 4177 17²0.
1583 4097 1584 4183 l
