3500 5559
487 665 547 793 3³0⁴
642 639 1315 772 dsssr‘ltvnr‘r'orvhs'

481 853 655 976 elanarum
672 873 811 950 iconum
835 863 906 973 (a)
930 873 1116 974 imaginem
1143 865 1376 972 praeseferret.
1427 854 1498 953 ilii

477 977 583 1051 latata
605 976 708 1050 unice
727 971 885 1049 matricis
905 977 1000 1071 vasa,
1027 974 1256 1072 sanguineque
1274 980 1399 1070 plena,
1423 999 1497 1051 am·

476 1076 649 1170 plilicata'e
665 1092 798 1148 tantum
813 1072 973 1164 cellulae,
998 1073 1164 1171 dispersae
1178 1075 1244 1148 hac
1267 1076 1343 1147 illac
1359 1076 1495 1150 muscu-

474 1175 577 1248 larer'
600 1173 707 1246 fibrae
742 1171 1068 1267 conspiciebantur,
1101 1196 1212 1268 neque
1240 1171 1343 1246 triam
1377 1173 1494 1249 de'erat

477 1271 665 1367 praesentia
689 1270 883 1344 subalbidae
919 1271 1094 1367 cujusdam
1121 1269 1322 1346 substantiae
1347 1273 1493 1348 aMon-

475 1393 538 1442 roo
555 1373 621 1465 (b)
656 1366 884 1457 observatae,
918 1392 1004 1464 quae
1031 1367 1134 1442 facile
1164 1368 1305 1444 distrahi
1335 1391 1490 1473 poterat,-

365 1496 377 1541 ¹.
476 1489 628 1565 quaeque
653 1466 698 1559 ad
720 1465 911 1547 cellularem
936 1467 978 1539 ab
1008 1467 1133 1540 eodem
1153 1485 1348 1542 revocatur.
1396 1468 1491 1567 Inje⁴

479 1567 550 1640 clio
576 1589 648 1638 rem
672 1563 779 1660 ipsam
794 1585 865 1641 non
881 1561 1076 1640 illustravit:
1104 1577 1166 1639 cur
1188 1573 1273 1640 'vero
1296 1563 1490 1664 injeslibnir

475 1665 655 1757 materiem
682 1663 834 1753 recusare
862 1663 1052 1744 debuissent
1083 1662 1230 1738 venosae
1258 1665 1488 1759 appendices,

473 1785 561 1858 quae
579 1761 728 1836 Astraeo
744 1770 864 1842 autore
881 1759 967 1842 adeo
985 1763 1058 1836 sunt
1075 1781 1156 1835 tunc
1174 1761 1427 1860 amplificatae,
1451 1783 1489 1840 ut

473 1861 648 1956 specillum
668 1857 878 1950 admittant,
912 1861 1001 1933 adeo
1020 1860 1237 1955 elongatae,
1260 1881 1298 1934 ut
1318 1877 1491 1958 quatuor,

474 1959 696 2055 autquinque
714 1957 880 2032 linearum
896 1960 1082 2032 elevatione
1106 1958 1338 2054 consurgant?
1361 1955 1487 2056 Neque

472 2057 509 2129 in
527 2081 602 2129 eam
618 2054 842 2149 suspicionem
863 2055 913 2128 est
939 2056 1236 2145 descendendum,
1263 2057 1307 2130 ad
1323 2081 1363 2130 ea
1380 2071 1487 2158 usque

470 2157 549 2228 loca
567 2153 726 2251 injedh'rtn
742 2153 919 2244 materiam
936 2177 1004 2226 non
1022 2155 1233 2250 penetrasse,
1257 2158 1413 2251 aquibus
1426 2181 1485 2230 ve·

471 2254 573 2326 nusae
596 2253 807 2348 appendices
826 2253 1038 2326 exoriuntur.
1099 2255 1187 2326 Satis
1217 2255 1310 2327 enim
1336 2254 1486 2330 feliciter'
1582 2269 1583 2318 3

471 2348 725 2427 administratio
742 2347 918 2447 contigit,
945 2350 1087 2426 minima
1108 2363 1260 2523 quaeqqe
1283 2354 1360 2426 vasa
1386 2355 1486 2450 plena

472 2469 586 2537 erant,
615 2447 842 2532 aedificata,
866 2462 966 2544 atque
982 2451 1035 2520 vel
1050 2474 1070 2521 a
1086 2451 1207 2524 minori
1235 2475 1274 2524 us
1286 2452 1406 2526 osculis
1429 2452 1484 2527 in·

468 2539 632 2646 jedlionir
648 2546 788 2621 materia
804 2547 837 2620 in
861 2548 947 2620 uteri
965 2569 1089 2620 cavum
1105 2552 1236 2624 eanum
1251 2549 1312 2622 fibi
1327 2549 1484 2648 parabat.

390 2689 395 2697 ,
472 2643 563 2721 Cum
585 2669 669 2721 vero
696 2644 896 2720 venosarum
920 2646 1151 2743 appendicum
1166 2649 1200 2720 in
1218 2648 1406 2743 placentam
1428 2650 1483 2726 in·t
1580 2691 1581 2728 t

468 2743 616 2834 sertione
636 2744 730 2829 hanc
750 2743 858 2840 ipsam
881 2743 924 2818 a'd
952 2757 1083 2820 uterum
1107 2745 1235 2820 firmari
1252 2757 1484 2826 commoneat
1580 2749 1582 2776 '

384 2845 396 2920 .’
466 2841 630 2942 A'strucut
657 2843 698 2942 (c
710 2845 746 2932 l,
773 2842 989 2940 edoceatque
1004 2844 1142 2918 easdem
1155 2847 1191 2920 in
1212 2847 1389 2940 placentae
1409 2850 1482 2922 cel-

467 2945 551 3038 lulae
573 2942 687 3018 foetus
712 2943 955 3017 nutrimentum
982 2965 1169 3034 evomere,
1201 2945 1298 3017 omni
1327 2943 1481 3021 adhibita

466 3040 645 3138 diligentia
660 3043 751 3116 illam
770 3041 858 3116 uteri
880 3059 1012 3136 partem
1037 3040 1239 3134 observavi,
1263 3041 1320 3116 cui
1337 3045 1479 3138 placen·

436 3156 439 3164 “
466 3161 501 3216 ta
523 3139 756 3231 adhaerebat:
791 3137 939 3214 vidimus
963 3137 1039 3214 vasa
1063 3142 1148 3213 nulla
1170 3141 1389 3238 prominere,
1422 3145 1479 3220 vel

460 3239 533 3336 ipsa
547 3237 735 3335 injectione
750 3238 951 3328 manifesta,
975 3261 1060 3332 quae
1079 3242 1122 3312 ab
1138 3240 1225 3312 uteri
1243 3240 1425 3330 substantia
1440 3242 1478 3318 in

463 3341 659 3435 placentam
683 3335 946 3430 comigrarent3
981 3335 1125 3410 vidimus
1148 3337 1387 3413 adhaesionem
1416 3353 1478 3436 per*

462 3439 637 3510 filatnenta
655 3433 821 3506 cellularia
840 3433 907 3508 else
936 3457 1189 3530 comparatam,
1214 3459 1300 3534 quae
1315 3442 1417 3535 unice
1431 3441 1476 3516 ad

462 3533 676 3631 superficiem
693 3532 930 3628 pertinebant,
956 3553 1029 3607 tunt
1055 3533 1161 3630 uteri,
1189 3538 1476 3634 tum'placentae,

1413 3663 1476 3718 ne·

485 3833 1468 3886 Q

505 3967 571 4039 (a)
592 3962 611 4023 Ι.
634 3980 661 4021 c.
683 3952 788 4040 odfin.
807 3959 899 4042 print
923 3959 1060 4022 Velm.-

448 4037 455 4050 ’
478 4065 487 4074 ·
507 4045 572 4118 (bl
595 4041 725 4122 Obsero.
744 4037 801 4125 Of
811 4065 833 4108 a
850 4046 964 4132 society
983 4041 1073 4130 Phys
1100 4043 1165 4111 and
1183 4037 1333 4114 Litterae.
1356 4047 1419 4120 Vol.
1444 4045 1472 4138 1.

460 4143 521 4200 art.
543 4126 646 4192 XVII.
662 4146 739 4214 paq.
756 4145 829 4205 410.

503 4217 566 4294 (c)
587 4214 611 4281 l.
632 4233 659 4281 c.
681 4208 749 4295 Vol.
766 4207 793 4276 I.
809 4225 888 4297 pag,
905 4207 937 4274 8.
