3500 5559
494 695 611 819 Μ
710 696 1101 781 UTERO.
1257 713 1304 796 rr

176 876 177 967 Α
287 869 512 958 monstrosus:
539 899 665 976 caput,
698 885 843 970 collum,
875 879 1196 978 artus-superiores,
1223 881 1304 974 tho·

275 980 376 1078 ‘ratis
398 979 529 1053 cavitas
552 977 652 1072 plone
672 979 906 1055 deficiebant:
932 981 1083 1075 superior
1104 1001 1241 1056 truncus
1254 979 1302 1058 du

176 1059 177 1133 i
287 1097 450 1152 carneum
472 1077 663 1149 craffiurem
694 1094 901 1152 contextum
932 1075 1135 1170 eminebat,
1174 1080 1300 1178 reliqua

176 1168 177 1237 i
281 1201 361 1272 pars
377 1177 429 1250 nb·
439 1179 652 1250 incurvatam
674 1177 819 1271 spinam
845 1199 867 1248 a
885 1177 1025 1268 naturali
1050 1178 1298 1274 configuratio·

176 1252 177 1329 i
281 1293 327 1348 ne
347 1275 528 1370 plurimum
549 1273 749 1348 recedebat.
803 1274 840 1346 in
864 1276 1034 1347 anteriore
1059 1275 1297 1374 superioreque

281 1372 397 1446 trunci
413 1391 508 1469 parte
530 1392 628 1446 extus
649 1373 901 1468 producebatur
923 1371 1095 1448 funiculus
1115 1375 1298 1450 umbilica-

187 1556 189 1561 ,
280 1472 343 1565 lis,
370 1471 772 1582 unscumapperrdicuia
797 1469 1021 1546 vermiformi.
1073 1473 1218 1549 Duabus
1232 1497 1294 1550 ve·

282 1571 358 1653 nis,
391 1584 521 1666 unaque
549 1589 670 1642 arterrn
694 1565 887 1645 constabat.
948 1569 1037 1642 Vasa
1067 1563 1295 1649 haecomnia

280 1664 484 1740 defluebant
517 1666 552 1742 io
585 1669 751 1742 sacculum
781 1661 962 1765 quemdam
999 1668 1224 1744 musculosurn
1252 1673 1297 1747 ad

280 1766 416 1838 ultimas
436 1765 633 1840 lumborum
654 1769 828 1841 vertebras
854 1770 1023 1856 iocatum,
1057 1789 1166 1864 atquo
1190 1773 1298 1866 prosr·

280 1865 495 1939 ciscebantur
507 1884 651 1962 quatuor
674 1864 730 1937 nlii
750 1864 902 1942 arteriosr
928 1863 1060 1952 trunci,
1086 1865 1157 1938 duo
1179 1886 1296 1943 nortae

278 1964 377 2036 vices
404 1983 581 2059 gerentes,
620 1963 739 2059 reliqui
768 1961 944 2036 iliacnrum
982 1963 1179 2036 arteriarum
1216 1966 1295 2041 offi-

280 2063 355 2148 cia;
382 2061 417 2134 in
434 2061 594 2135 eumdem
617 2082 735 2152 autem
749 2063 917 2136 sacculum
936 2061 1216 2139 definebant.tres
1232 2087 1295 2138 ve·

279 2161 353 2257 noir
369 2161 520 2249 canales,
547 2180 692 2260 quorum
714 2181 798 2235 unus
819 2160 864 2237 ad
887 2183 1015 2234 venam
1038 2183 1182 2252 cavam,
1208 2186 1291 2238 cae·
1375 2208 1378 2216 ·

277 2260 343 2333 teri
353 2260 396 2331 ad
412 2282 515 2333 venas
531 2260 646 2339 irracas
660 2257 832 2334 referendi
846 2259 914 2333 ess'e
927 2259 1144 2334 videbantur.
1189 2263 1290 2338 Haec

277 2357 397 2430 onmia
415 2359 544 2432 summo
565 2359 680 2434 studio
699 2357 841 2458 excepit
866 2357 1042 2448 Pitonius,
1070 2359 1173 2456 idque
1194 2361 1290 2438 omni

276 2455 464 2530 ratiocinio
480 2458 775 2554 prosecuturus,
799 2457 891 2554 quod
909 2459 1103 2554 pertinebat
1120 2459 1162 2530 ad
1181 2458 1290 2536 abbio·

276 2577 362 2630 nem
378 2555 450 2652 ejus
468 2554 591 2634 Saccif
621 2545 823 2654 conscripiit
842 2554 971 2656 deinde
998 2555 1288 2652 dissertationem,

274 2657 426 2752 quam-in
453 2655 604 2731 Instituti
634 2656 863 2731 Scieutinrum
893 2651 1110 2730 Academico
1134 2677 1289 2731 conven-

274 2767 313 2828 tu
335 2755 517 2842 recitavit,
556 2755 745 2850 habuitque
768 2752 1095 2850 Sapientissimorum
1118 2754 1289 2834 Virorum

272 2849 454 2948 suffragia,
480 2851 629 2949 qui-ejus
647 2852 864 2948 diligentiam
880 2853 917 2925 in
936 2851 1149 2926 observando
1164 2857 1288 2947 proba·

272 2969 370 3038 rent,
397 2948 614 3043 prudentiam
638 2971 738 3043 atque
758 2971 905 3023 acumen
929 2949 964 3020 in
987 2949 1191 3023 deducendo
1211 2956 1285 3026 iuu-

275 3046 420 3119 darent(
458 3045 494 3121 Si
508 3045 663 3119 Pntutios
679 3044 791 3118 statim
815 3065 917 3141 atque
941 3046 1128 3120 cavitatem
1151 3047 1290 3127 viderat‘

210 3234 215 3240 ¹
263 3144 390 3237 decise
407 3143 575 3234 thoracis,
600 3142 776 3242 ipsumque
791 3167 870 3231 cor,
896 3141 1007 3215 miuus
1023 3141 1066 3215 de
1083 3141 1286 3245 ipstrumen·

271 3260 312 3318 to
333 3244 447 3317 cordis
463 3244 559 3317 vices
572 3265 713 3340 gerente
730 3241 898 3328 solicitus,
926 3239 1039 3314 subito
1060 3242 1105 3338 de'
1124 3243 1180 3316 sua
1201 3267 1287 3321 con-

271 3343 447 3416 cianraiiet
462 3342 725 3438 obseruatione,
749 3360 883 3438 poterat
906 3339 993 3413 haec
1016 3338 1132 3414 eadem
1154 3339 1287 3429 illarum
1369 3342 1373 3350 ’

272 3463 398 3537 angere
411 3455 609 3531 numerum,
633 3465 719 3538 quae
740 3444 785 3517 de
806 3440 942 3514 fetubus
964 3439 1070 3512 corde
1090 3431 1286 3519 deficientia

274 3544 336 3614 bus
353 3539 559 3633 afferuntur,
586 3542 677 3615 nullo
691 3565 774 3614 vero
788 3539 921 3637 prorsus
935 3536 1039 3614 modo
1065 3538 1155 3616 utilis
1169 3539 1286 3620 fuiiiet

271 3640 315 3714 ad
334 3639 567 3734 quaestionem
583 3638 688 3736 ipsam
707 3638 914 3714 solvendam.
1105 3651 1109 3666 ‘
1181 3721 1192 3743 p
1278 3637 1311 3676 ’·

323 3738 477 3818 ΧΧΧΧ.
528 3739 632 3812 Haec
654 3739 769 3812 omnia
792 3737 955 3812 videntur
978 3734 1162 3810 ‘ostendere
1189 3734 1282 3817 fetus

268 3835 363 3928 illos,
390 3834 446 3935 qui
461 3833 588 3934 absque
608 3835 715 3909 corde
731 3834 818 3910 editi
842 3835 940 3910 fuisse
961 3833 1183 3927 dicebantur,
1208 3861 1280 3913 non

269 3959 337 4011 una
352 3937 494 4014 caruiffe
509 3934 791 4013 machinamento
798 3934 929 4029 aliquo.
955 3932 1045 4029 quod
1061 3934 1085 4007 ss
1100 3935 1280 4019 vellocum
1329 3952 1332 3958 ’

269 4035 386 4110 cordis
407 4061 475 4108 nou
498 4037 709 4130 occupabat,
745 4034 800 4107 vei
824 4031 1078 4127 ejuofiguram,
1105 4033 1280 4108 extensio·

268 4154 416 4230 nemque
432 4159 501 4207 nou
522 4134 688 4222 babebat,
714 4133 771 4206 vei
791 4128 1076 4221 ventriculorum,
1111 4131 1279 4208 auricula⁴

268 4253 364 4326 turn,
391 4235 662 4331 valruiarumq'ue
681 4228 990 4326 configurationem
1008 4228 1128 4306 enine
1143 4253 1213 4305 non
1227 4255 1287 4304 ree

765 4330 851 4404 DS
1226 4327 1321 4424 seq¹
1421 4445 1426 4459 X
1505 4335 1507 4346 ’
