3500 5559
493 731 610 814 DE
711 727 1102 812 UTERO.
1268 753 1298 841 ρ

283 920 460 1008 mulierum
482 935 606 1008 utero,
638 937 713 993 tum
743 915 778 988 in
806 935 1019 1004 vaccarum,
1054 936 1203 1009 eanum,
1240 913 1294 989 se-

285 1021 397 1113 llum,
428 1020 467 1093 ἀ
491 1017 639 1106 ouium3
669 1015 945 1100 observationum
971 1010 1092 1098 seriem
1121 1036 1204 1088 non.
1223 1037 1295 1112 ego

286 1117 473 1193 Ledorum
497 1117 685 1210 ponamob
710 1115 851 1206 oculor,
875 1110 1080 1208 multiplicet
1097 1113 1191 1192 enim
1213 1137 1296 1202 ¹curu

177 1232 179 1279 2
286 1217 352 1295 lint
368 1219 443 1313 plus
464 1211 833 1301 afferrenrmolestite,
858 1232 958 1306 quam
973 1209 1143 1303 utilitatis,
1193 1211 1296 1292 Sumt-

286 1339 379 1390 mam
395 1331 529 1389 tantum
545 1311 689 1385 afferam
703 1310 1001 1400 obseruationum,
1018 1310 1155 1417 ¹quidve
1168 1307 1296 1408 signifi·

286 1416 465 1508 caverint,
490 1434 659 1509 exponam
674 1433 776 1505 quam
792 1409 942 1496 sincere,
966 1425 1068 1507 arque
1083 1409 1119 1484 in
1137 1431 1182 1487 eo
1197 1411 1300 1506 perfi-

287 1513 420 1611 piendo
436 1513 543 1590 multa
562 1507 758 1609 praeteribo
780 1508 961 1593 consulto,
994 1507 1124 1592 etenim
1154 1531 1298 1596 vereor,

287 1635 333 1686 ne
347 1633 435 1708 qnae
448 1609 587 1699 dixero,
611 1607 756 1688 nimium
771 1610 877 1704 multa
899 1603 966 1681 else
983 1605 1178 1687 uideantur.
1228 1609 1300 1683 lta·

285 1733 355 1809 pue
376 1709 517 1788 interior
539 1706 627 1782 uteri
644 1704 774 1802 facies,
797 1727 869 1780 tum
895 1701 973 1804 post
994 1703 1198 1804 injedliones
1220 1729 1303 1784 exa·

286 1810 440 1896 minata,
466 1827 538 1890 tum
558 1803 636 1902 poll
658 1804 923 1886 macerationem
948 1802 1120 1899 inspedla,
1141 1827 1219 1884 tum
1237 1805 1301 1880 de·

183 1975 186 1982 .
288 1931 386 1982 mum
402 1905 441 1979 dt
455 1904 623 2000 simplici,
648 1900 688 1980 ἃ
708 1902 905 2000 composrto
926 1901 1156 1998 microscopio
1177 1908 1318 2001 explon·

290 2026 388 2086 rata,
412 2003 574 2077 inditium
589 1999 750 2099 praebuit
765 2001 893 2084 nullum
907 2000 949 2072 ad
967 2003 1187 2076 membranae
1202 2025 1303 2102 prae7

275 2104 438 2189 ,sennam
459 2099 709 2186 affirmandam.
759 2099 871 2182 semel
896 2100 1138 2184 tantummodo
1160 2098 1247 2178 itero

290 2227 360 2303 que
376 2203 411 2277 in
426 2200 532 2274 ouillo
552 2199 725 2298 primum,
750 2221 834 2271 mox
858 2198 1013 2284 muliebri
1035 2197 1072 2274 in
1098 2221 1214 2291 uteru,
1241 2124 1304 2274 ab·

292 2302 377 2403 quid
392 2302 438 2374 ob
460 2301 579 2390 oeulos
595 2299 722 2380 babere
736 2290 917 2400 judicavi,
933 2297 1023 2398 quod
1046 2298 1243 2372 interiorem
1267 2301 1304 2372 in

291 2425 393 2478 utero
416 2400 649 2478 membranam
669 2397 900 2495 significarem
931 2397 987 2478 sed
1013 2399 1116 2492 paulo
1135 2399 1306 2484 attentius
1402 2419 1408 2430 '

294 2527 332 2578 re
346 2498 524 2596 inspebla,
544 2498 677 2574 causam
693 2491 824 2592 attigi,
847 2495 986 2596 quaein
1008 2519 1154 2572 errorem
1171 2497 1305 2593 potuis·

272 2647 276 2656 ·
294 2599 348 2676 set
364 2598 551 2689 adducere,
568 2616 693 2694 nempe
708 2596 813 2668 ambo
827 2595 873 2668 illi
891 2595 977 2676 uteri
993 2595 1178 2690 spissiorem
1189 2621 1307 2694 quem-

296 2699 380 2775 dam
403 2717 542 2772 mucum
566 2695 824 2792 reeopdebanr.
851 2718 919 2789 quo
943 2694 1094 2784 sublato,
1120 2717 1206 2794 quae
1224 2723 1309 2794 pur·

275 2797 350 2874 -rio
377 2797 464 2871 uteri
487 2795 631 2880 caritati
650 2793 765 2868 adhue
789 2792 1022 2882 adhaerebat,
1047 2795 1210 2887 paulatim
1234 2794 1310 2881 soli-

277 2895 438 2972 -tlescere
453 2912 746 2988 coeperat‚atque
759 2889 944 2989 earsrccari,
958 2913 997 2964 ut
1005 2913 1186 2986 propterea
1201 2917 1312 2968 mem-

295 2996 442 3067 branam
467 2989 756 3088 quastquamdam
776 2990 978 3076 accusarem
1004 3009 1084 3060 cum
1107 3012 1193 3070 veto
1219 2992 1310 3072 hanc

297 3089 409 3186 ipsam
422 3113 506 3184 aqua
520 3085 678 3186 protinus
694 3082 778 3179 solui
791 3084 967 3186 viderem,
984 3085 1074 3177 quod
1092 3090 1311 3164 membrano·

297 3191 339 3278 so
354 3187 399 3267 de
418 3206 589 3279 contextu
603 3206 675 3262 non
700 3179 893 3280 contingit,
920 3201 998 3257 tum
1023 3183 1082 3256 ubi
1102 3185 1185 3270 nilril
1200 3211 1312 3270 mem.

273 3279 431 3366 «marae
460 3286 516 3363 uel
546 3285 620 3382 ipsa
647 3275 889 3387 micruscupia
907 3280 1178 3378 fignificabant‚
1210 3291 1314 3384 paolo

294 3388 381 3485 post
404 3384 642 3470 membranam
672 3381 764 3479 quast
791 3377 989 3483 ‚subnaseere
1019 3381 1202 3474 uiderem,
1234 3410 1313 3474 cum

302 3487 365 3568 ubi
385 3483 523 3563 lotione
535 3504 675 3556 mucum
698 3502 836 3582 ompem
854 3479 1078 3568 subduxeram
1094 3480 1180 3556 nihil
1200 3509 1314 3580 mern.

301 3583 512 3679 branaceum
532 3577 673 3677 subinde
697 3582 744 3663 ob
763 3571 894 3681 'opulus
922 3576 1112 3672 haberem,
1151 3605 1230 3657 cum
1255 3575 1326 3659 de„

301 3683 449 3768 mutuis
472 3677 805 3767 mucus'exsrccatus
833 3677 870 3752 in
901 3675 1043 3762 similem
1073 3683 1316 3775 expansionem

304 3784 593 3878 ¹commutaretur,
619 3774 838 3874 agnoviquid
856 3773 998 3850 essetab
1014 3777 1054 3852 iis
1070 3780 1318 3875 observationi-

304 3874 371 3958 bus
385 3868 671 3978 conjecbnndum:
686 3894 789 3972 atque
804 3873 841 3948 id
857 3873 990 3950 consilii
1010 3877 1217 3975 inposterum
1232 3905 1319 3968 veae.

304 3978 363 4078 pi,
389 3999 431 4059 ut
443 3976 801 4090 quouescumquepro
816 3971 987 4074 interioris
1004 3976 1224 4058 membranae
1239 3973 1319 4076 per·

305 4077 488 4176 quistione
503 4095 635 4151 uterum
644 4069 1144 4166 macerationicommitrebam
1159 4077 1319 4164 constan·

306 4173 362 4250 ter
383 4177 456 4250 vini
476 4175 620 4274 spiritu,
646 4173 720 4268 ejus
747 4167 946 4282 interiorem
968 4165 1095 4248 faciem
1125 4169 1320 4280 abluerem,

304 4297 375 4404 pop
390 4297 509 4374 mutus
523 4289 727 4396 eogererur,
751 4290 789 4348 ut
802 4267 940 4351 fatum
961 4274 1239 4370 macerationem
1254 4281 1318 4350 m-'

814 4368 904 4492 dr
1087 4479 1091 4486 ,
1283 4387 1319 4474 ra
