3500 5559
507 745 626 822 nu
723 682 1107 824 urano,
1269 776 1319 854 η

311 929 459 1025 majores
490 927 648 1019 confici,
680 947 718 1004 ut
746 949 792 1005 ex
811 915 910 1002 'hisce
936 927 1046 1003 omnis
1074 899 1213 1005 tandem
1242 957 1323 1010 coa·

311 1025 415 1108 lescat
441 1024 631 1110 musculus,
660 1049 761 1123 quem
787 1025 956 1101 continuo
991 1029 1247 1132 cellulariaipsn
1270 1034 1322 1107 se·

309 1127 444 1222 quitur,
471 1125 627 1200 tenuiore
646 1126 857 1221 pinguedine
876 1125 1002 1200 referta
1024 1149 1094 1199 non
1121 1129 1223 1204 fibras
1243 1151 1324 1206 tan·

303 1246 405 1313 tum,
431 1223 490 1298 sed
520 1227 663 1300 lacertos
693 1223 866 1319 lingulas,
899 1245 1084 1321 omnesque
1112 1225 1322 1320 investiens,

308 1343 416 1420 atque
435 1324 607 1419 integrum
628 1324 812 1396 musculum
834 1321 1042 1418 cooperienr
1065 1321 1148 1422 (a).
1174 1325 1244 1427 Qui
1262 1353 1323 1424 per

308 1423 399 1518 ipsas
420 1420 632 1497 anatomicrs
661 1419 975 1496 administrationes
1000 1421 1103 1496 simile
1125 1421 1255 1520 aliquid
1279 1427 1324 1500 de

308 1520 445 1595 uterina
478 1519 611 1594 fabrica
639 1519 764 1618 allequi
789 1518 944 1614 poterit,
977 1518 1005 1592 ia
1033 1519 1139 1594 libere
1176 1521 1326 1602 affirmet

310 1616 468 1700 matricis
496 1617 717 1693 substantiam
741 1618 808 1692 elle
831 1616 1062 1694 muscularem.
1115 1620 1248 1694 Vereor
1263 1643 1324 1696 au·

309 1738 407 1802 tem,
433 1717 469 1791 id
487 1717 595 1810 ipsum
620 1716 793 1790 nerninem
809 1715 885 1789 fore
900 1716 1123 1811 expleturum.

361 1815 478 1888 XXII.
502 1812 652 1888 Praestat
673 1815 805 1902 modu,
837 1833 1000 1908 quantum
1029 1815 1327 1893 observationibus

287 1906 378 1988 xhac
400 1915 436 1988 in
459 1934 495 1984 re
517 1913 762 2010 profecerimus
782 1909 922 2000 nostris,
953 1911 1135 1986 declarare.
1193 1915 1325 1988 Mulie·

308 2015 411 2088 brem
427 2033 559 2086 uterum
578 2008 798 2082 macerationi
820 2005 1052 2085 commisimus
1076 2033 1238 2088 unacum
1263 2039 1326 2086 ue.

306 2112 400 2188 liene
420 2111 585 2183 urinariae
613 2107 799 2183 musculola
821 2107 959 2200 tunica,
985 2111 1039 2184 vel
1071 2133 1149 2182 cunr
1174 2113 1325 2202 musculo

261 2254 263 2260 ·
308 2211 379 2289 alio
395 2220 609 2306 quocumque
633 2231 677 2281 ex
694 2205 925 2301 amplioribus.
960 2205 1001 2278 ld
1021 2205 1191 2282 constanti
1207 2214 1325 2284 omni-

310 2331 361 2379 no
376 2307 498 2380 ordine
515 2327 678 2382 euentum
699 2305 786 2395 fuit,
812 2323 849 2378 ut
875 2300 976 2378 citius
995 2303 1098 2401 longe
1120 2309 1326 2384 intumesce-

311 2426 367 2480 ret
394 2405 548 2480 matricio
581 2403 789 2487 substantia‚
821 2425 923 2498 quam
957 2425 1067 2498 partes
1100 2405 1327 2489 musculosae:

311 2503 577 2580 intumescentia
594 2497 683 2576 verti
703 2499 858 2599 perella,
886 2520 923 2574 ut
939 2503 1095 2579 cellulosa
1113 2503 1242 2579 fabrica
1259 2533 1320 2582 nu·

312 2603 361 2674 do
375 2603 477 2676 oculo
494 2604 527 2676 in
554 2624 652 2680 utero
668 2599 822 2696 conspici
841 2621 1001 2693 poterat,
1028 2600 1076 2673 ita
1092 2603 1198 2677 simile
1221 2606 1324 2698 nilril,
1397 2676 1400 2684 .

310 2704 366 2789 vel
383 2703 454 2797 ipsa
469 2701 698 2799 microscopia
716 2700 751 2772 in
770 2699 958 2772 musculoso
979 2722 1141 2794 apparatu
1156 2703 1327 2800 significa·

311 2822 459 2874 verunt:
491 2799 630 2872 ulterius
659 2799 795 2872 tandem
824 2797 1061 2870 maceratione
1088 2803 1252 2894 prolaeta
1281 2805 1326 2877 ad

309 2899 570 2968 musculosarnm
596 2898 744 2990 partium
774 2896 988 2987 superficiem
1017 2898 1165 2972 celluloli
1198 2902 1326 2996 aliquid

311 2995 552 3074 evolvebatur:
587 2992 728 3064 interius
750 3013 832 3062 vero
856 2992 1110 3081 examinando,
1144 2996 1204 3070 vix
1225 2997 1326 3093 quid.

311 3113 412 3187 quam
437 3088 561 3166 intueri
583 3106 745 3185 poterat,
783 3107 917 3181 praeter
940 3090 1107 3183 liquamen
1129 3094 1326 3188 quoddam',

310 3191 347 3263 in
364 3187 455 3285 quod
470 3187 635 3261 cellularir
648 3187 931 3275 illa-commutata
948 3185 1076 3276 fuerat,
1093 3213 1178 3284 quae
1193 3191 1327 3271 muscu-

310 3291 398 3364 lares
414 3287 529 3374 fibras,
554 3284 592 3360 ur
609 3289 752 3358 lacertos
767 3281 929 3375 investit,
942 3303 1043 3382 atque
1061 3286 1217 3364 inuicem
1235 3307 1323 3370 con·

314 3385 447 3475 neeric,
479 3386 570 3480 quod
593 3384 735 3480 quidem
760 3380 886 3454 inclitio
916 3382 965 3457 est
997 3385 1186 3460 cellularcm
1209 3389 1334 3487 illam„

311 3509 396 3583 quae
416 3483 459 3556 ad
479 3484 697 3558 musculrrem
722 3478 941 3553 substantiam
973 3485 1186 3576 traducitur,
1219 3490 1325 3589 longe

311 3584 380 3675 elle
401 3582 613 3675 tenuiorem,
639 3600 677 3654 ut
698 3598 884 3674 propterca
909 3583 1151 3658 macerationis
1166 3586 1236 3659 vim
1248 3590 1323 3666 diu.

313 3685 382 3755 tius
401 3678 489 3753 ferre
504 3704 574 3756 non
598 3676 716 3774 polilt:
742 3697 842 3772 atque
870 3678 951 3750 lrinc
973 3680 1039 3764 est,
1067 3702 1103 3758 ut
1126 3684 1169 3756 ad
1189 3689 1324 3764 cellula·

309 3803 384 3868 rem
400 3780 489 3854 illam
503 3780 549 3852 ob
565 3774 954 3868 oculoradvocandum‚
980 3804 1066 3882 quae
1080 3779 1226 3860 minores
1240 3811 1322 3884 per·
1389 3839 1392 3844 -

1276 3906 1321 3967 tl·

332 4228 419 4336 ra)
444 4200 563 4326 nina
584 4247 684 4323 unm.
704 4244 828 4334 renni.
850 4245 915 4314 nr.
933 4209 991 4324 Vt.
1008 4271 1087 4350 pig.
1103 4277 1177 4343 μω.

825 4369 855 4450 Β
877 4393 902 4466 4
