3500 5559
514 754 587 841 'nt
646 735 756 837 u's
824 734 944 845 'effu
993 734 1105 831 s‘r‘
1150 757 1410 839 rum.

507 939 612 1017 minis
642 925 761 1020 carrea
783 942 917 1039 semper
955 919 1067 1039 reperi
1084 932 1118 1039 ,ῥ’
1129 1035 1132 1041 ¹
1146 919 1302 1044 uitisc'ul'u
1317 930 1434 1043 'p'soae
1459 948 1519 1027 in·

385 1128 388 1133 Ι
438 1032 445 1045 ³
506 1037 696 1134 fidentes‚‚
737 1055 755 1117 a
795 1038 935 1135 renibus
980 1040 1100 1138 plus,
1130 1036 1289 1117 minusue
1335 1045 1515 1127 distantes.

504 1138 679 1217 Enmdem
705 1142 851 1235 p'osttum
875 1137 926 1212 ibi
950 1158 1009 1213 eos
1041 1138 1200 1215 obtinere
1229 1134 1435 1242 obsernavi,
1466 1172 1514 1226 ac

502 1236 631 1317 habent
647 1240 684 1314 in
699 1230 992 1337 'scrotojt'quippe
1016 1261 1120 1336 quum
1142 1262 1259 1337 eornm
1274 1234 1516 1326 vertex'effet

499 1338 673 1439 superior,
700 1337 785 1423 basts
798 1336 963 1432 inferior,
987 1333 1366 1439 superficierumultera
1381 1345 1515 1422 dexte·

501 1436 950 1531 ra,-&a1terafinistra-,
985 1436 1178 1535 marginum
1206 1440 1292 1513 alter
1318 1447 1471 1519 anterior
1495 1504 1513 1540 ,

499 1536 669 1633 posterior
690 1538 800 1620 alter:
835 1535 972 1633 oblique
997 1546 1112 1609 tamen
1129 1537 1439 1633 imponebantur,
1467 1542 1511 1619 ut

497 1638 624 1731 margo
648 1634 798 1712 anterior
822 1635 1004 1711 introrsum
1030 1634 1127 1711 simul
1153 1636 1364 1734 respiceret,
1399 1639 1506 1739 quam

498 1734 739 1831 obliquitatem
768 1736 805 1811 ὅτ
830 1734 1048 1832 superficies,
1074 1732 1358 1812 &extremitates
1379 1763 1504 1817 neces·

478 1833 584 1907 ¹sario
609 1832 844 1931 sequebantur.
902 1832 1041 1932 Insuper
1061 1854 1129 1904 tarn
1153 1834 1227 1905 laxe
1251 1835 1421 1935 proximis
1445 1839 1504 1913 in·

426 1944 431 1951 ’
492 1929 685 2013 vhaerebant
707 1933 880 2029 partibus,
897 1941 954 2006 'ut
973 1931 1236 2028 quaquaversum
1252 1934 1292 2031 se
1315 1934 1374 2033 a'gi
1397 1957 1501 2036 quant

495 2028 660 2104 facillime
677 2051 888 2127 paterentur.
917 2042 922 2051 '
1161 2109 1165 2118 ,
1193 2119 1196 2125 ¹

542 2132 592 2205 Il.
617 2129 835 2227 Epidirlymis
857 2126 1082 2226 posteriorem
1103 2126 1198 2204 testis
1221 2130 1417 2227 marginem
1434 2158 1498 2209 oc·

490 2225 667 2327 cupubat,
698 2230 865 2324 avertice
888 2226 934 2324 ad,
946 2226 1074 2317 basim,
1098 2224 1134 2302 in
1148 2250 1246 2303 arcus
1264 2230 1416 2324 speciem
1430 2234 1496 2309 fle·

492 2350 557 2417 xa,
582 2325 809 2415 descendens:
835 2328 910 2427 ejus
923 2343 1030 2424 eaput
1045 2324 1216 2425 superiora
1231 2330 1389 2423 tenebat,
1417 2355 1499 2409 cau·

485 2427 539 2501 -da
555 2449 640 2501 vero
657 2426 841 2510 inferiora,
867 2449 955 2523 quae
972 2422 1091 2522 postea'
1116 2423 1152 2496 in
1169 2428 1323 2498 canalem
1337 2427 1497 2512 deseren·

481 2545 565 2603 tem
581 2521 709 2605 abibat.
760 2526 881 2605 Multo
896 2523 1011 2619 major
1029 2540 1102 2597 erut
1118 2522 1353 2623 epididyrnis,
1376 2551 1498 2629 caete·

490 2624 537 2698 ris
552 2624 706 2718 paribus,
738 2623 775 2699 in
789 2624 917 2716 foetu,
945 2644 1045 2719 quam
1063 2622 1099 2694 in
1122 2619 1260 2717 adulto,
1285 2622 1495 2705 &testiculo

349 2696 353 2721 ¹
439 2722 618 2812 laxius,
645 2718 1004 2818 &longiusappensa
1033 2762 1061 2798 .·
1205 2795 1210 2801 .
1415 2748 1417 2753 ·

543 2823 606 2897 lll.
633 2821 864 2924 Quo‘certiot
884 2820 1022 2908 fierem,
1055 2838 1167 2893 utrum
1190 2819 1280 2895 intra
1303 2821 1495 2917 peritonaei
1576 2805 1577 2830 ¹

489 2922 650 3013 saccum,
675 2944 717 2992 an
735 2940 834 2996 extra
850 2918 951 2994 testes
971 2936 1200 3013 ponerentur,
1225 2942 1301 2993 eam
1325 2928 1496 3001 membra.

489 3037 569 3095 nam
587 3043 606 3093 a
623 3018 779 3109 cunstis,
815 3018 936 3117 quibus
950 3016 1134 3107 adhaeret,
1159 3017 1320 3113 partibus
1340 3023 1492 3118 sejunxi,
1576 3075 1577 3088 r

390 3140 396 3166 ‘
419 3180 423 3189 .
488 3118 725 3217 integrumque
741 3142 821 3191 cum
840 3116 976 3190 inclusis
994 3115 1180 3199 uisceribus
1194 3113 1361 3194 extraxit
1375 3122 1412 3195 in
1429 3140 1491 3198 eo·

489 3219 570 3291 dern
583 3219 685 3293 sacco
702 3216 827 3313 reperti
843 3216 917 3288 sunt
934 3212 974 3286 ἃ
990 3212 1156 3309 testiculi,
1179 3213 1310 3290 interea
1335 3216 1422 3294 dum
1435 3247 1491 3296 re·

488 3340 571 3414 nes,
604 3316 759 3410 capsulae
784 3313 1006 3411 suprarenales
1025 3309 1098 3390 &o
1124 3312 1262 3410 propria
1283 3312 1320 3389 in
1340 3316 1420 3391 sede
1433 3342 1493 3397 cx·

487 3436 539 3490 tra
566 3416 805 3515 peritonaeum
828 3411 1092 3509 permanserant.
1143 3410 1225 3585 on
1249 3417 1487 3510 experimento

487 3517 566 3588 luce
580 3514 769 3589 meridiana
789 3514 909 3605 clarius
932 3510 1109 3604 appatuit,
1135 3529 1170 3583 te
1202 3535 1237 3585 es
1261 3512 1378 3590 foetus
1399 3517 1488 3595 intra

487 3614 680 3710 peritonaei
707 3616 844 3709 succum
873 3610 1071 3694 contineri,
1114 3610 1155 3683 ab
1185 3633 1230 3681 eo
1258 3613 1416 3706 amiciri,
1448 3616 1487 3695 ἃ

485 3714 663 3811 'capsulam
684 3712 813 3785 habere
833 3710 954 3803 eadem
975 3710 1106 3805 prorsus
1120 3708 1272 3802 ratione,
1299 3736 1341 3785 ac
1356 3713 1486 3815 hepar,

487 3810 633 3901 &lien
1082 3832 1087 3839 ’

538 3909 604 3986 lV.
632 3909 724 3985 Vasa
754 3902 981 4003 spermatico,
1022 3904 1066 3979 ab
1095 3923 1219 4003 torta,
1251 3932 1341 3985 vona
1372 3934 1485 4005 cava,

511 4012 546 4083 el
560 4004 813 4105 emulgentibus
834 4028 877 4081 ert
902 4027 998 4079 ruore
1014 4024 1109 4094 orta,
1133 4024 1223 4079 retro
1246 4009 1484 4103 peritonaenm
1576 4027 1578 4052 l

486 4108 625 4206 oblique
641 4110 684 4181 ad
701 4110 784 4181 lutus
800 4104 956 4180 fluxtmst
977 4104 1181 4215 reptabant,
1206 4126 1244 4179 ut
1259 4106 1352 4182 testis
1364 4099 1480 4207 poste·

484 4206 613 4281 riorem
642 4204 830 4303 marginem
859 4221 1047 4300 peterent,
1079 4202 1222 4298 ibique,
1254 4228 1318 4299 per
1337 4232 1483 4300 parvum

482 4305 620 4389 hiatum
640 4329 661 4383 a
683 4306 890 4407 peritonaeo
914 4300 1033 4378 testem
1055 4298 1290 4407 amplectente
1304 4306 1406 4483 (1]ξὲ
1431 4332 1485 4381 rc·

1286 4464 1290 4471 .
1351 4430 1363 4481 1
1401 4431 1478 4503 um,
1536 4463 1540 4474 .

480 4073 485 4101 l
