3500 5559
469 755 587 830 nn
687 751 1096 851 nunno
1220 769 1266 847 η

257 939 339 1040 effer
355 935 549 1014 recensere:
575 953 784 1010 comantem
798 932 963 1035 musenius
975 959 1002 1012 ,a
1018 930 1185 1012 Ruischio
1205 935 1267 1008 de·

257 1038 401 1132 scriptus
422 1035 645 1131 quorumdam
673 1033 969 1114 observationibus
992 1057 1060 1108 non
1086 1037 1164 1112 satis
1188 1035 1268 1109 esset

259 1126 443 1234 probatus,
476 1155 555 1208 cunr
581 1133 738 1230 frequens
761 1133 937 1226 placentne
953 1132 1114 1206 adhaefio
1131 1153 1204 1206 ¹non
1225 1133 1268 1206 ad

260 1233 428 1322 fundum,
454 1228 512 1305 sed
529 1231 575 1306 ad
588 1231 670 1312 elias
684 1227 770 1320 uteri
786 1247 919 1324 partes,
947 1231 1019 1327 ejus
1037 1255 1149 1334 neque
1175 1233 1270 1310 usum

258 1326 456 1419 illustraret,
482 1352 592 1428 neque
612 1327 844 1404 neceffitatem
867 1329 1104 1421 confirmaret,
1130 1353 1271 1420 contro·

260 1429 368 1520 nessia
389 1424 726 1506 inrer'Anatomicos
749 1449 823 1500 orta
848 1425 937 1514 suit,
963 1425 1180 1516 &omniurn
1204 1427 1271 1524 pti·

257 1525 687 1634 prusconttaRuischiunr
709 1525 980 1620 Heisterurw)
1007 1523 1270 1624 pronunciavit,

258 1645 364 1721 quent
393 1625 504 1721 plures
536 1621 755 1720 postmodum
782 1623 914 1718 sequuti
944 1621 1108 1716 fuerunt,
1144 1647 1182 1702 ut
1218 1629 1272 1702 vel

257 1721 528 1819 Noortwyckius
539 1723 661 1799 afferat
674 1721 750 1822 (ir),
764 1721 800 1795 id
811 1721 873 1797 fibi
890 1721 925 1795 in
941 1747 1184 1824 puerperarum
1199 1744 1275 1798 ute·

259 1826 297 1916 [tp
310 1817 516 1916 contigisse,
539 1819 631 1918 quod
646 1815 848 1896 muscular'es
860 1821 967 1892 fibrae
984 1845 1044 1916 per
1061 1843 1171 1896 totam
1199 1845 1273 1896 nna·

259 1920 385 2014 tricem
407 1919 552 2010 tenues,
583 1917 769 2016 exiguique
795 1919 930 1991 roboris
953 1919 1020 1992 hac
1045 1919 1152 2014 ilinc,
1184 1924 1276 2016 plus,

258 2018 372 2107 minus
391 2015 630 2092 disseminatae
652 2036 898 2110 occurrerent,
931 2041 1001 2090 non
1027 2038 1139 2092 autern
1166 2018 1275 2098 fundo

260 2117 372 2192 essent
394 2115 610 2212 peculiares,
640 2138 683 2189 ac
707 2116 888 2212 propriae,
921 2118 1077 2214 quodque
1102 2141 1145 2191 eo
1173 2117 1274 2220 loco,

205 2272 217 2296 ,
260 2214 322 2290 cui
341 2214 504 2308 placenta
530 2214 677 2290 haeserat
701 2213 890 2312 nonsatis,
914 2215 1008 2288 omni
1026 2215 1170 2306 admota
1191 2241 1274 2292 ncu-

262 2313 374 2397 lorum
390 2311 639 2401 acie,.suerint
652 2311 867 2408 conspicuae.
911 2312 993 2386 Non
1011 2337 1094 2387 vero
1110 2315 1160 2389 est
1174 2315 1275 2392 stien-

263 2411 315 2488 tio
336 2412 618 2506 praetereundum
632 2409 834 2486 Ruischium
855 2410 955 2485 semes
971 2433 1101 2496 tanturn
1116 2415 1275 2490 eumdem

261 2509 451 2585 musculum
477 2510 665 2586 'observasse
680 2509 701 2596 ,'
721 2529 825 2610 atque
852 2509 983 2584 etiarnsi
1007 2513 1112 2586 tribur
1142 2513 1277 2590 suorum

262 2608 421 2704 Operum
444 2607 483 2682 in
510 2609 596 2684 locis
622 2604 691 2704 (c')
716 2610 789 2704 ejus
813 2608 1029 2684 mentionem
1066 2610 1200 2695 faciat,
1223 2608 1281 2686 'ad

265 2705 426 2780 eamdem
439 2709 554 2784 tamen
567 2727 765 2806 puerperam
786 2707 972 2780 sermonem
988 2709 1116 2807 semper
1129 2733 1279 2796 conver·¹

232 2880 238 2889 ,
263 2804 329 2881 tit:
341 2803 546 2888 'notandum
561 2804 612 2880 est
634 2829 678 2877 ex
692 2802 891 2878 Schreiberi
909 2806 1073 2883 relatione
1091 2807 1162 2906 (d)
1178 2833 1278 2884 com·

263 2924 405 2998 pentum
418 2901 506 2989 effe,
529 2907 589 2986 vel
612 2902 720 2997 ipsun
737 2899 940 2976 Ruisch'ium
956 2907 991 2990 in
1009 2907 1133 2982 ultimis
1158 2906 1280 2984 aetatis

264 3001 347 3081 strae
369 2998 605 3090 temporibus,
635 3020 755 3089 parum
779 2998 813 3069 ei
833 3001 985 3094 musculo
1007 3001 1171 3084 tribuisse.
1210 3005 1280 3078 Sed

262 3119 313 3176 ne
337 3090 515 3174 videamur
537 3094 738 3169 Ruischiani
761 3094 894 3170 inventi
915 3096 1117 3188 historiam,
1147 3099 1280 3196 potius,

267 3195 272 3284 f
290 3215 370 3268 uam
383 3189 515 3279 nostras
528 3193 685 3271 eundem
702 3191 824 3294 intem
836 3193 988 3292 persequi
1007 3193 1283 3295 observationes,

264 3220 314 3375 {e
331 3289 510 3385 postremis
524 3293 619 3370 hisce
638 3292 711 3387 jam
725 3290 890 3368 dicamus.

269 3380 274 3400 “
318 3389 442 3467 XXV.
468 3389 638 3488 Itaquein
659 3411 757 3466 utero
776 3392 849 3488 eJ'us
869 3389 1073 3490 puerperae,
1099 3417 1186 3492 quae
1204 3393 1285 3496 post

238 3489 493 3570 ¹secr'tndarutn
529 3489 766 3587 expulfionetn
801 3494 1043 3575 occubuerit,
1081 3496 1287 3578 muscularer

252 3590 381 3700 ‚fibrae
395 3586 439 3696 ad
454 3588 544 3694 uteri
554 3588 702 3673 fundum
717 3586 831 3676 nihilo
846 3587 1072 3672 confertiores
1093 3591 1183 3675 visse,
1206 3595 1286 3670 sue·

322 3731 325 3736 ·
1182 3711 1287 3810 runt,

318 4003 333 4072 s
338 4007 380 4068 o)
403 3994 563 4082 Compend-
584 3953 729 4063 Anatim.
752 4013 814 4078 rint„
829 4014 884 4082 31·
924 4073 930 4084 ι

315 4083 381 4165 (b)
402 4083 467 4144 ic.
484 4096 563 4166 pag.
585 4083 659 4146 ιοό.
777 4082 780 4092 '
843 4084 850 4098 '

310 4169 328 4237 1(
340 4173 376 4239 c)
397 4163 435 4227 lrr
456 4161 582 4249 Operib.
603 4167 695 4228 citat.

287 4242 856 4475 &QQQQQJ

453 4632 458 4670 i
