3500 5559
444 743 482 818 ·4
567 663 1291 854 tOBsERVATIONdS

372 996 375 1013 ἱ
457 905 540 982 Hae
562 909 734 989 venulae
768 907 921 984 venosae
937 908 1149 1007 appendices
1165 909 1208 980 ab
1223 902 1371 981 Astraeo
1385 913 1477 976 nun«

443 1017 645 1102 ·eupantut
693 1006 813 1081 Docet
836 1009 972 1082 easdem
995 1006 1234 1081 tantummodo
1265 1001 1443 1099 gravido
1433 1025 1471 1074 rn

459 1127 559 1179 utero
581 1104 648 1216 effe
669 1105 900 1201 manifestat,
933 1105 969 1180 in
992 1109 1063 1204 eins
1088 1105 1275 1178 cavitatem
1299 1123 1474 1198 quatuor,

460 1202 686 1302 autquinque
704 1204 870 1278 linearum
887 1160 1111 1301 'longitudine
1128 1201 1285 1286 extendi,
1311 1224 1375 1295 qua
1392 1219 1471 1295 par·

460 1325 501 1376 te
511 1303 672 1398 placenta
686 1303 898 1391 coiloc‘atarr'
931 1303 999 1374 doc
1002 1321 1038 1376 et
1062 1319 1103 1374 en
1124 1299 1325 1376 extensione
1339 1297 1412 1371 frerr
1435 1317 1474 1370 ut
1516 1333 1518 1340 v

459 1402 643 1496 placentae
665 1403 802 1476 celluiar
818 1380 1002 1500 ingreiiae,
1029 1399 1067 1476 dt
1090 1401 1187 1496 hujus
1208 1397 1252 1468 ad
1269 1419 1400 1469 uterum
1417 1395 1475 1468 fir-

322 1572 326 1585 ,
414 1583 419 1589 ⁴
460 1498 832 1591 mentadhaefionem,
857 1500 1110 1616 &sanguinent
1133 1426 1474 1570 easdeminceliuias

343 1667 347 1676 .
463 1595 637 1672 advehant
660 1599 866 1693 proferunt
870 1600 958 1696 psrrn
981 1597 1191 1671 nutritione:
1218 1593 1314 1667 addit
1334 1591 1476 1666 venustis

464 1695 706 1812 appendicula
720 1625 892 1773 diametro
914 1698 973 1771 suo
993 1695 1160 1770 rationein
1175 1694 1265 1790 sequi
1280 1691 1476 1788 ’elongatio-

464 1797 537 1886 nis,
564 1818 634 1867 non
653 1795 785 1887 modo,
806 1817 844 1871 ut
865 1795 970 1869 facile
993 1794 1112 1868 videri
1126 1813 1269 1890 queant,
1294 1788 1474 1862 sedetiam

463 1915 503 1968 ut
523 1882 703 1990 specillum
722 1892 902 1969 introduci¹
923 1893 1049 1991 petit,
1087 1894 1178 1990 quod
1207 1891 1233 1964 si
1255 1891 1393 1962 interius
1414 1889 1476 1961 ali-

464 1994 662 2088 quantulum
679 1991 848 2090 adigitur,
874 1994 952 2066 iiiuc
974 2010 1076 2103 usqne
1099 1991 1305 2078 traducitur,
1341 1988 1400 2060 ubi
1414 2013 1475 2080 ap-

463 2091 628 2186 pendices
645 2115 665 2162 a
675 2092 808 2166 venoso
822 2116 917 2166 ramo
931 2093 1140 2166 exoriuntur.
1194 2089 1295 2164 Haec
1309 2085 1353 2158 de
1369 2109 1477 2159 veno-

444 2211 449 2218 ·
466 2189 507 2262 ss
518 2213 634 2284 appen
647 2189 774 2265 iicuiis:
807 2192 882 2264 sunt
908 2191 995 2280 alia,
1021 2206 1114 2286 quae
1129 2189 1273 2262 edoceat
1290 2187 1335 2258 de
1352 2185 1478 2260 vermi·

444 2309 449 2316 ·
467 2287 653 2369 cuiaribus
681 2289 751 2363 srve
767 2288 884 2365 laticis
899 2311 984 2362 uteri
975 2287 1102 2363 'ssvafis
1246 2307 1248 2313 '

519 2387 584 2461 IV.
612 2387 723 2461 Uteri
732 2388 896 2485 gravidae
916 2385 1044 2460 nudie
1000 2409 1082 2480 ris,
1115 2389 1171 2462 vei
1196 2319 1479 2498 paucorum⁵die=

407 2560 415 2577 ,
467 2500 544 2559 rum
568 2508 753 2580 puerperae
777 2486 1020 2561 invertendum
1046 2485 1113 2558 eise
1136 2503 1279 2576 monet,
1312 2507 1385 2557 tum
1410 2482 1480 2556 levi

447 2584 634 2678 preffione
656 2586 733 2657 ioca
757 2572 813 2659 ilia
835 2569 1026 2660 exercenda
1048 2584 1143 2676 effe,
1178 2585 1297 2682 quibus
1323 2589 1481 2679 piacenta

466 2698 537 2754 non
553 2681 792 2778 implantatur:
812 2683 932 2761 videre
947 2683 1030 2756 licet
1046 2685 1112 2778 (a)
1138 2707 1178 2755 ea
1200 2683 1369 2778 preffione
1388 2681 1488 2754 aaa

467 2781 624 2877 guttulae·
645 2768 717 2879 pei
732 2782 858 2880 exigua
885 2782 1055 2892 quaedam
1085 2781 1288 2854 foraminuia
1318 2780 1478 2878 prodire,

466 2901 558 2974 quae
569 2901 721 2954 extrema
750 2878 1101 2956 suntosctdaiiiorutn
1120 2881 1295 2966 vasorum,
1322 2882 1482 2974 aquibus

372 3012 388 3023 ··
403 3040 417 3077 ,f
464 2975 594 3053 iacietis
609 2978 943 3056 humotsecernitur.
996 2977 1098 3092 Quod
1124 2980 1148 3054 si
1169 2977 1356 3076 postquam
1365 3001 1479 3050 uterus

447 3078 710 3154 macerationis
732 3079 801 3154 vim
823 3081 860 3154 in
875 3089 994 3156 aceto
1011 3077 1115 3151 fuerit
1137 3096 1322 3171 expertus,
1356 3079 1480 3150 intima

464 3176 585 3251 tunica
606 3177 789 3269 liberetur,
823 3197 991 3273 apparent
1007 3193 1096 3250 tune
1108 3175 1206 3269 super
1220 3176 1371 3249 mediam
1387 3176 1481 3248 tuni·

467 3297 543 3349 carn
559 3278 741 3374 progredi,
776 3300 818 3350 ac
842 3273 999 3349 distribui
1023 3272 1255 3347 vermicuiar'ra
1271 3274 1363 3354 vasa
1393 3296 1479 3384 quae

468 3393 609 3448 nurnero
623 3376 696 3448 sunt
712 3373 854 3470 insigni,
881 3374 1002 3446 colore
1009 3373 1108 3462 albo,
1133 3372 1484 3470 iongitudinetrium,

468 3473 529 3546 aut
545 3495 689 3568 quatuor
712 3471 905 3563 linearum,
939 3471 1067 3569 singula
1088 3470 1200 3546 iadico
1214 3472 1357 3546 humore
1373 3471 1483 3552 refer·

468 3569 527 3659 ta,
550 3594 593 3643 ac
614 3572 671 3665 pie
673 3595 767 3646 na.-
762 3570 884 3643 Vasa
910 3569 995 3642 haec
1018 3571 1124 3644 ludica
1148 3589 1221 3644 turn
1237 3569 1482 3665 adinvicem,

442 3703 447 3716 ·
469 3690 542 3742 turn
566 3668 645 3766 ipsis
668 3693 754 3744 cunr
770 3666 1007 3780 appendicuiis
1025 3670 1160 3780 tenofis
1184 3669 1284 3743 sunt
1274 3691 1483 3759 intertexta,

449 3775 510 3840 'ae
532 3791 613 3863 con]
606 3767 756 3857 untia3
780 3791 880 3863 atque
903 3765 928 3840 fi
951 3766 1021 3877 quis
1043 3767 1209 3864 patienter
1232 3769 1306 3840 satis
1327 3769 1486 3862 impiica-

473 3885 543 3940 tarn
558 3865 650 3941 illam
668 3889 843 3944 texturam
861 3867 991 3964 poterit
1014 3863 1187 3965 separare,
1213 3865 1413 3939 indicantia
1437 3871 1488 3940 oo

1400 3987 1485 4040 ocu-

516 4275 983 4396 oflwnu&m
