3500 5559
498 694 569 782 tto
674 690 781 779 na
863 672 1343 779 duuutts·

487 872 635 963 ta‘foere
663 886 702 957 ab
731 886 922 955 retentionis
945 882 1065 957 omenti
1094 884 1292 977 nigidium
1319 868 1491 978 stillando,-

456 985 536 1079 ἰῇ,
554 990 615 1058 into
637 980 736 1080 succi
767 981 903 1074 herniofi
933 984 1095 1079 congeniti
1128 982 1224 1076 fiat,
1268 982 1351 1055 nuda
1386 978 1491 1076 posito

489 1084 647 1158 nitentum
678 1076 815 1173 adnasci
835 1078 999 1175 potuiffit‚
1026 1080 1197 1173 coagulato
1231 1104 1273 1153 tx
1304 1084 1489 1173 peritonaei

488 1182 548 1276 stoc
559 1178 665 1279 sacco
684 1178 861 1251 exhalante
884 1196 1027 1271 uapore,
1052 1174 1096 1261 8
1116 1182 1161 1249 ad
1183 1176 1325 1271 colliculi
1340 1175 1488 1274 superfi-

486 1281 569 1377 ciem
584 1291 740 1373 omentum
757 1272 936 1369 ipsumhoc
955 1279 1080 1349 ratione
1097 1281 1309 1351 revincientc'.

509 1380 594 1464 ';At
610 1396 712 1473 quum
735 1371 863 1472 isthaec
884 1373 1114 1469 Epiploocele
1136 1374 1292 1447 aeolicis
1308 1372 1485 1449 ‹lolotibu'a

485 1466 598 1571 bitum
623 1471 802 1565 habuerit,
825 1490 1111 1545 vereeonnatam
1129 1470 1227 1549 suiffe
1240 1471 1359 1567 aliquis
1374 1494 1485 1567 nega·

483 1574 552 1650 bit.¹
602 1573 704 1644 hicet
725 1570 836 1643 omnis
852 1568 1078 1662 Enterocele,
1100 1589 1159 1644 aut
1175 1569 1377 1669 Epiplocele
1395 1578 1485 1642 c'ono

471 1660 565 1774 ¹data
580 1668 696 1745 vocari
721 1660 845 1763 poffit.,'
864 1668 1055 1739 dummodo
1078 1680 1277 1755 omentum,
1301 1687 1360 1741 aut
1375 1666 1483 1741 intes*

482 1760 595 1845 tinum
613 1769 647 1843 in
664 1767 804 1842 tunicae
812 1765 990 1862 ¹taginulis
1006 1766 1142 1844 saccum
1158 1766 1397 1857 descenderint
1411 1764 1483 1840 five

411 1898 414 1901 ·
479 1869 518 1943 id
540 1878 792 1965 antepartum,
818 1865 888 1939 stve
914 1864 1031 1960 postea
1052 1864 1195 1963 delapsos
1219 1866 1289 1961 jam
1316 1862 1484 1943 testiculis

481 1968 688 2062 contingam
714 1985 850 2056 tamen,
874 1980 961 2059 quae
981 1986 1025 2037 eu
1047 1962 1342 2039 observationibus
1356 1986 1481 2037 eruum

481 2062 680 2160 tur,s1gna
706 2060 867 2138 videntur
890 2058 1149 2159 demonstrare5
1180 2061 1389 2160 peculiarem
1410 2060 1480 2135 ess'e

480 2164 615 2241 omenti
631 2164 785 2236 habitum
808 2160 844 2234 in
861 2160 1087 2257 Epipsob'cele
1102 2158 1290 2259 congenita
1312 2180 1395 2234 ante
1415 2184 1480 2233 na⁴

480 2257 673 2353 fluitatem,
689 2259 728 2337 da
743 2257 913 2335 diversum
929 2260 973 2333 ab
991 2282 1057 2351 eo,
1083 2276 1182 2357 quem
1197 2258 1233 2333 in
1251 2276 1396 2332 omento
1414 2260 1479 2331 ob·
1579 2288 1580 2351 ς

477 2367 666 2451 servamus,
692 2360 751 2432 ubi
765 2360 800 2432 id
816 2360 852 2431 in
869 2356 1031 2432 adultiori
1049 2372 1112 2454 pet
1132 2356 1323 2452 peritonaei
1378 2380 1478 2431 ocen-
1579 2424 1580 2441 ,

479 2456 826 2556 sitmsoraseinbitur.
874 2458 933 2529 Sic
949 2466 994 2529 ex
1011 2459 1142 2532 omenti
1165 2456 1293 2553 figura,
1378 2454 1476 2529 hobi·¹
1579 2448 1580 2475 ¹

480 2554 517 2639 t'u
541 2558 576 2633 in
599 2555 709 2650 nostra
727 2553 866 2629 historia
880 2554 1123 2631 vetistmillime
1143 2554 1384 2630 concludimus
1399 2556 1474 2627 her-¹

477 2664 573 2742 niam
586 2646 683 2730 fuisse
705 2651 929 2749 congenitam
943 2672 1023 2729 ante
1040 2652 1268 2729 nativitatem.
1309 2656 1361 2726 sta
1380 2654 1472 2750 pari·

478 2782 531 2836 ter
545 2780 589 2831 ex
605 2775 765 2827 accurata
797 2750 1065 2829 Praestantiffimi
1088 2753 1473 2827 Meconem-ueteri«
1578 2768 1579 2837 t

475 2848 598 2956 p'tione
621 2852 715 2926 idem
739 2853 901 2925 euincere
925 2850 1224 2925 non¹dubitamus.
1275 2853 1371 2924 Nam
1386 2852 1474 2947 'filo'

474 2972 615 3057 tuentum
639 2953 852 3047 cylindricunt'
884 2976 905 3023 a
932 2944 1076 3044 vasculis
1098 2947 1311 3048 songttiftrit
1330 2956 1472 3027 'rostrum

476 3055 566 3128 baud
596 3051 701 3123 dubie
724 3049 761 3122 in
783 3048 970 3123 abdomine
992 3047 1144 3142 primum
1162 3050 1304 3145 margini
1327 3060 1476 3123 convexo

473 3145 625 3234 testiculi
649 3146 822 3237 adhaem,
848 3140 939 3245 quod
958 3144 1085 3221 deinde
1106 3145 1183 3221 ostii
1208 3148 1369 3220 coalitum
1390 3172 1468 3217 mo·

472 3256 607 3329 nubatur
628 3240 745 3335 ideo,
780 3268 817 3320 ut
838 3268 899 3341 per
922 3244 1023 3317 cosici
1055 3245 1181 3321 doloris
1209 3244 1470 3321 constrictionet

470 3338 583 3447 major
607 3346 740 3419 omenti
764 3342 898 3440 pars&
928 3342 1088 3418 intestina
1117 3346 1290 3441 potuerint
1320 3344 1467 3417 effundi.

473 3454 589 3555 Quum
611 3444 703 3526 enim
728 3460 905 3516 omentum
926 3463 1010 3515 ⁴:unte
1032 3464 1157 3517 annum
1185 3440 1287 3535 1766.
1314 3443 1468 3515 nondum

469 3547 607 3641 penitus
637 3540 886 3634 descendisset,
919 3542 1045 3617 nullam
1075 3565 1114 3615 ca
1145 3541 1306 3616 adhaesio
1337 3564 1469 3614 noxam

469 3646 663 3742 inferebam
690 3637 864 3741 postquam
883 3654 964 3712 tero
980 3640 1151 3739 delapsum
1168 3640 1235 3729 est,
1253 3654 1330 3713 toto
1346 3642 1469 3714 sexen-

471 3746 531 3821 nio
553 3737 737 3816 miserrime
765 3756 912 3813 venatus
941 3738 1001 3811 est·
1019 3762 1134 3835 aeger.
1194 3740 1294 3813 Tunc
1324 3758 1467 3831 autem,

470 3866 573 3942 quum
602 3859 780 3914 omentum
807 3836 950 3911 subinde
974 3837 1012 3910 in
1041 3837 1214 3913 abdomen
1240 3840 1468 3931 relaberetur,

469 3965 529 4017 aut
545 3938 794 4020 restituetetum
819 3932 954 4011 adnasci
977 3935 1066 4010 baud
1085 3952 1242 4033 poterat,-
1270 3957 1329 4011 aut
1351 3956 1467 4025 certe,

470 4043 496 4118 ss
511 4063 605 4112 mota
622 4034 814 4111 accretioni
828 4034 991 4127 favebat,
1017 4036 1148 4132 majore
1161 4032 1273 4135 paullo
1286 4036 1468 4133 superficie

467 4139 663 4213 accrescere
677 4132 854 4209 debuerat.
906 4135 1080 4207 Praeterea
1101 4132 1125 4209 fi
1148 4135 1240 4209 testis
1260 4136 1385 4231 absque
1402 4136 1467 4209 ulla

467 4236 672 4316 adhaefione
690 4230 932 4319 descendisset,
956 4231 1103 4329 positum
1125 4236 1313 4310 naturalem
1326 4235 1363 4311 in
1376 4234 1470 4309 scro-

1428 4348 1472 4407 to
