3500 5559
445 706 491 782 {8
615 689 1057 782 OBSERVATI
1082 693 1179 776 ou
1204 694 1289 779 Μ

446 890 598 965 &ionum
615 886 658 959 ad
675 886 843 983 genitales
860 905 992 977 partes,
1018 907 1038 957 a
1055 879 1176 982 quibus
1198 886 1242 964 ad
1267 887 1461 974 naturalem

324 1055 333 1071 ,
448 988 572 1064 statu'm
596 988 803 1060 concludere
818 984 958 1057 arduum
981 982 1112 1078 suisset,
1140 1007 1251 1082 neque
1275 1007 1385 1062 tutum
1405 987 1455 1060 sa.

446 1089 500 1162 ris.
558 1085 594 1158 Si
615 1099 698 1158 vero
724 1083 869 1158 dixerim
900 1084 1137 1180 Morgagnum
1171 1083 1337 1180 insignem
1368 1085 1459 1160 adeo

443 1184 710 1273 Anatomicum‚
736 1207 815 1256 curn
838 1182 1070 1271 Boethaav10‚
1096 1203 1176 1256 cum
1198 1185 1348 1278 Μετγο,
1374 1205 1458 1260 cunt

443 1282 692 1356 Weitbrechto
709 1279 917 1366 convenire,
943 1279 1017 1376 quir
1028 1280 1157 1378 poterit
1174 1281 1210 1356 in
1225 1281 1360 1358 Astruci
1380 1283 1459 1378 opi·

441 1382 585 1454 nionern
604 1380 835 1454 concedere?
869 1377 1058 1476 Morgagni
1081 1376 1290 1454 iliustriffirna
1317 1381 1368 1458 est
1388 1385 1457 1454 ob·

447 1478 598 1554 servatio
625 1477 779 1552 instituta
811 1476 877 1572 (a)
904 1477 940 1549 in
971 1495 1145 1572 puerpera
1170 1499 1235 1554 tres
1262 1480 1361 1554 horas
1381 1479 1459 1575 pou

441 1597 597 1673 partum,
622 1601 688 1672 qua
703 1594 922 1675 compertum
940 1575 1010 1650 fuit
1026 1575 1114 1670 ipsas
1130 1578 1332 1668 musculares
1355 1580 1469 1655 fibras

444 1678 549 1752 inter
566 1677 599 1750 se
628 1676 833 1751 intertextas
849 1675 887 1746 in
919 1673 1007 1749 uteri
1030 1674 1178 1749 cavitate
1202 1677 1458 1773 'prominuiffe‚

442 1797 482 1850 ut
509 1774 603 1850 nulla
622 1778 820 1848 membrana
843 1770 947 1848 fuerit
981 1771 1147 1850 obducta
1205 1774 1303 1849 lilios
1324 1779 1457 1874 possem

440 1874 660 1965 anatomicos
682 1873 881 1963 recensere,
909 1871 1052 1964 eadem,
1076 1893 1136 1946 ant
1157 1894 1253 1946 cette
1274 1875 1457 1971 plurimum
1497 1899 1501 1908 ·

442 1970 562 2046 similia
576 1972 801 2046 declarantes.
829 1968 901 2073 Qui
917 1993 1000 2043 vero
1014 1969 1140 2062 potest,
1163 1966 1340 2070 postquam
1352 1977 1455 2049 Mor.

349 2085 352 2089 ’
442 2069 863 2174 μςηυωμῃοηιίηανεῐὶῑ,
884 2067 938 2142 uel
956 2067 1149 2143 testimonia
1164 2072 1354 2166 perquirere
1368 2075 1456 2172 alia,
1523 2111 1527 2118 ·

440 2174 495 2243 rel
511 2171 672 2265 majorem
692 2169 753 2242 srbi
777 2177 979 2262 comparare
1001 2169 1197 2238 Aratorem?
1222 2185 1227 2190 “
1257 2185 1261 2192 ·
1377 2183 1381 2194 ··

443 2299 447 2306 ·
494 2269 617 2339 XVII.
644 2269 759 2362 Atque
775 2265 801 2340 fi
816 2287 997 2360 numquam
1014 2261 1142 2360 nostrat
1166 2288 1225 2361 per
1243 2267 1458 2346 observatio*
1517 2343 1522 2348 .

442 2375 510 2438 'nes-
522 2367 557 2438 id
576 2366 733 2438 obtinere
754 2367 946 2462 potuimus,
971 2383 1010 2438 ur
1037 2363 1192 2440 matricis
1214 2387 1337 2442 cavum
1362 2371 1458 2444 vela·

442 2485 569 2536 mento·
587 2463 774 2537 obduoium
801 2463 1012 2551 videremus,
1037 2461 1177 2560 quisque
1201 2467 1378 2562 conjicere
1403 2471 1458 2544 fa*

441 2564 510 2637 tile
525 2561 659 2657 potest,
685 2585 788 2655 quam
801 2583 864 2634 nos
885 2559 965 2654 illud
982 2563 1337 2656 comprobaverimus,
1362 2572 1454 2664 quod

442 2659 673 2735 anatomicos
685 2658 972 2756 diligentissimus,
990 2681 1060 2736 non
1079 2660 1247 2733 multaab
1265 2662 1349 2738 hinc
1365 2687 1455 2742 rem·

369 2810 371 2813 -
443 2770 530 2854 pore
543 2757 730 2832 studiorum
745 2757 880 2834 ratione
902 2759 1031 2846 socius,
1058 2753 1458 2840 &benevolentium
1542 2811 1546 2820 ·

319 2842 321 2845 ¹
439 2855 666 2954 junoiiffimus
684 2857 808 2953 mihi,
849 2877 940 2930 nnnc
971 2878 1054 2930 vero
1089 2855 1228 2951 Regiae
1253 2861 1457 2944 'Ticinensts

438 2956 653 3031 Academiae
668 2955 838 3030 Profeffur
860 2956 976 3030 Petrus
998 2949 1456 3053 montemmaranum

440 3053 586 3128 edocuit
617 3045 684 3149 (i)
708 3053 794 3128 uteri
818 3053 1007 3128 cavitatem
1029 3075 1156 3126 nervea
1179 3053 1317 3148 runica,
1352 3061 1456 3140 subti.

273 3142 276 3151 ¹
366 3179 371 3188 ·
441 3153 597 3250 timeque
612 3149 1074 3227 cauculatoreriusnumida
1090 3151 1219 3226 vestiri.
1258 3147 1327 3230 Sed
1343 3157 1456 3236 dein.

440 3272 539 3326 terna
561 3251 627 3324 nae
649 3253 738 3323 meri
757 3254 957 3324 membrana
984 3248 1074 3320 hand
1097 3251 1210 3345 plura:
1236 3249 1273 3324 in
1301 3257 1374 3352 ejus
1396 3285 1457 3336 au·

438 3362 508 3424 tem
538 3349 699 3424 examine
727 3348 928 3446 prolixiores
960 3345 1058 3418 fuiss'e
1088 3369 1150 3418 nos
1184 3356 1456 3452 cognoscimus,

439 3471 540 3543 quarn
558 3463 597 3522 ut
620 3447 803 3521 Leotorum
825 3444 1015 3541 parientiae
1046 3445 1334 3545 consuleremus,
1361 3455 1454 3532 forre

439 3569 525 3618 nero
549 3547 712 3621 nonsatis
734 3544 890 3633 diximus,
905 3543 948 3614 ad
965 3543 1198 3639 quaestionem
1211 3570 1348 3625 omnem
1372 3556 1453 3629 sub·

438 3644 649 3720 ducendam
701 3643 854 3718 Omnino
884 3665 995 3716 antem
1021 3643 1271 3735 attentionem,
1305 3675 1347 3724 ae
1375 3654 1458 3730 dili.

313 3793 319 3800 ·
434 3741 595 3852 gentiam
607 3742 757 3820 nostram
776 3742 864 3816 eain
887 3766 922 3814 re
946 3743 1131 3842 exposcere
1150 3743 1239 3816 visus
1251 3748 1318 3823 fuir
1335 3752 1453 3827 Astru-

1181 3871 1184 3876 ·
1372 3874 1454 3942 cus,

374 4195 380 4206 =
478 4161 548 4234 (a)
568 4157 700 4237 Advers-
723 4159 865 4224 Anatim.
888 4147 945 4218 'W
967 4153 1133 4221 Animadu.
1161 4157 1212 4220 τό.

473 4245 546 4330 (b)
566 4242 669 4308 Indice
684 4242 718 4310 di
734 4239 868 4327 Drfcorfi
880 4240 1066 4308 Arrnrnrrici.
1091 4239 1183 4307 Part.
1198 4237 1223 4303 1.
1242 4254 1319 4326 pag.
1345 4239 1398 4322 87.
