3500 5559
499 707 1106 804 DEUTERO.
1280 751 1382 844 3ι

285 910 418 1002 tatem,
450 902 655 1003 ligamenta,
689 892 787 994 vasa,
821 928 966 994 nerunt,
992 903 1123 1002 aliaque
1145 902 1181 982 id
1199 929 1310 1007 genua

286 1007 500 1103 pertineant,
524 1005 632 1082 tribus
655 1004 861 1080 membranis
885 1005 953 1100 (a)
980 1023 1115 1078 uterum
1139 1011 1306 1106 componi

286 1106 406 1182 docet
453 1103 583 1180 Earum
607 1105 755 1201 primam
782 1101 1172 1200 aperitoneo'produci
1190 1130 1305 1204 expo-

284 1204 340 1279 nit
354 1230 363 1279 :
378 1283 387 1309 x
402 1203 550 1278 secunda
578 1227 639 1301 per
664 1205 738 1300 ejus
769 1201 1027 1276 observationes
1061 1204 1305 1282 muscularibua

285 1301 450 1378 coalescit
469 1301 577 1388 abrit,
605 1324 744 1398 quarum
764 1301 850 1375 aliae
873 1300 909 1374 in
933 1299 1054 1394 spiram
1071 1323 1305 1400 contorquen-

286 1419 362 1490 tur,
385 1401 473 1487 aliae
489 1401 710 1476 transuersam
725 1418 845 1474 teuent
861 1397 1109 1490 directionem,
1135 1401 1219 1475 asiae
1236 1406 1305 1476 ob·

284 1499 431 1596 liquam,-
456 1497 742 1596 loh‘gitudinalem
757 1497 864 1584 aliae,
891 1518 929 1574 ut
951 1497 1101 1572 invicem
1117 1501 1303 1596 plurimum

285 1597 516 1697 complicatae
538 1595 762 1697 praecipuam
783 1595 872 1672 uteri
894 1594 1076 1672 craffitier'n
1093 1600 1302 1679 conficiant:

286 1698 389 1772 tertia
409 1696 556 1774 ,demdm
575 1706 747 1791 beraeae,
771 1715 830 1772 aut
854 1694 969 1794 potius
984 1693 1182 1770 tendinosae
1202 1713 1303 1774 natu*-

284 1804 340 1871 rae
367 1793 445 1883 est,
479 1793 663 1893 inaequalis
684 1819 749 1893 qua
772 1813 869 1895 parte
888 1791 1099 1868 musculosae
1116 1794 1302 1890 adhaeret,

283 1894 449 1971 laevisex'
463 1897 589 1984 altera,
614 1892 676 1969 niu
689 1897 780 1990 quud
803 1891 1011 1968 transuersae
1027 1893 1194 1990 quaedam
1211 1895 1304 1971 obli·

284 2005 373 2095 quae
386 2016 494 2090 rugae
509 1992 554 2066 ad
566 1990 655 2068 uteri
669 1991 841 2066 orificium
857 1989 1075 2089 consurgant

333 2094 379 2169 lb
406 2093 598 2189 Reptatum
629 2087 757 2164 deinde
786 2088 971 2180 vasorum,
1001 2099 1188 2189 eorumque
1211 2087 1303 2165 divi·

282 2188 417 2282 noret,-
440 2188 754 2290 subdiuifianerque
768 2185 993 2264 muscularenr
1012 2188 1102 2263 inter
1123 2209 1227 2286 atque
1249 2188 1303 2262 in·

259 2288 667 2370 ternamr'nembranarra
687 2285 853 2365 describit
879 2285 964 2386 (b).
1011 2285 1142 2364 Eurum
1165 2283 1303 2362 mastos
1359 2345 1365 2382 ,

261 2393 392 2479 ,moses
413 2389 462 2466 ita
483 2385 720 2489 prosequitur,
750 2408 790 2464 ut
812 2409 870 2460 eas
884 2399 1051 2464 venarum
1073 2403 1154 2462 erma
1170 2387 1303 2462 arteriis

197 2564 202 2578 ,
283 2488 532 2589 frequentibrer
554 2489 591 2564 in
616 2483 918 2577 uteroinvenerit‚
949 2499 1052 2584 quam
1077 2485 1112 2560 in
1130 2485 1204 2560 aliis
1222 2509 1303 2582 par·

267 2589 405 2678 tibur,
439 2583 630 2681 venarum,-
661 2585 928 2682 arteriarumque
961 2586 1064 2662 tradit
1084 2583 1300 2674 discrimina,

163 2717 164 2725 ¹
284 2692 332 2765 bb
348 2686 517 2786 majorem
534 2688 665 2761 illarum
679 2683 924 2784 quantitatem,
950 2683 1176 2775 diametrum,
1200 2701 1303 2758 com·

282 2790 530 2889 plicationenrr
555 2802 594 2864 ut
610 2784 646 2858 in
660 2782 879 2881 speciosrores
896 2781 1029 2860 eunde
1045 2781 1302 2859 observationes

283 2884 493 2976 descendat,
539 2903 602 2966 uae
626 2881 989 2979 novitatisquamdam
1009 2880 1163 2981 speciem
1177 2880 1302 2962 viden·

281 3005 338 3073 tur
351 2973 570 3084 praeseferret
590 3075 598 3083 ..
625 3075 630 3085 .
1133 3010 1137 3019 ·

334 3085 400 3162 111,-
425 3083 544 3181 Iraque
557 3070 704 3176 grauido
718 3071 753 3147 in
771 3091 870 3148 utero
888 3071 990 3173 (r),
1012 3087 1081 3172 quo
1097 3075 1177 3150 loco
1191 3094 1300 3165 verra·

280 3185 359 3266 imit
373 3184 560 3257 occurrunt
578 3169 829 3267 anastomoses,
848 3172 1025 3250 ueletiam
1042 3174 1086 3248 ab
1105 3172 1177 3271 ipsa
1188 3187 1302 3250 uenoss

282 3284 397 3364 sorum
418 3277 579 3358 duarum
597 3272 799 3374 superficie,
832 3271 983 3368 exiguae
1005 3271 1174 3370 quaedam
1189 3295 1302 3346 vanu·

284 3385 338 3462 iae
360 3373 567 3457 incredibili.
588 3373 694 3469 copia
719 3368 1044 3472 perpendiculariter
1072 3369 1303 3468 consurgunt,

282 3507 372 3584 quae
394 3477 554 3554 eamdem
584 3475 750 3548 babentes
777 3473 1010 3561 diametrum,
1043 3493 1086 3545 ac
1109 3479 1247 3562 venae',
1279 3493 1301 3546 a

284 3583 406 3683 quibus
429 3574 720 3678 proficiscuntur,
753 3569 925 3645 internam
943 3569 1034 3653 uteri
1063 3570 1302 3648 membranam

284 3678 484 3778 attingunt,
508 3695 547 3751 ut
570 3675 644 3771 ejus
663 3666 803 3748 tandem
822 3667 1020 3768 aperiantur
1042 3667 1080 3746 in
1096 3667 1302 3842 cavitapim.

1255 3775 1297 3842 ad
1329 3827 1334 3838 .

349 4033 392 4172 ai
415 4089 435 4158 s.
457 4101 482 4151 t.
499 4099 577 4174 pag.
599 4099 629 4163 5.

344 4179 380 4256 b)
403 4174 425 4247 s,
442 4187 565 4256 cspug.
581 4172 614 4232 6.
631 4182 662 4247 7.
899 4237 905 4244 ,

326 4267 390 4348 (t)
410 4259 478 4327 br.
498 4270 576 4342 pag.
599 4246 630 4317 8.
652 4255 724 4330 9.‘
768 4321 872 4423 ,M
986 4379 989 4388 .
