3500 5559
466 717 527 798 aa*
638 710 1315 821 ousaauntmnns

461 903 621 1006 vixitque
637 901 774 1000 uirtper
798 901 978 977 dimidiam
1004 900 1140 979 horam:
1167 902 1342 978 abdomen
1365 899 1479 1000 proti·

461 1002 715 1102 nusdilleslum
742 1001 828 1091 fuit,
855 1022 892 1078 ut
915 997 1023 1089 fetus,
1048 998 1074 1076 fi
1096 1003 1172 1077 fieri
1193 1021 1350 1099 poterat,
1376 1002 1480 1080 uivus

463 1105 676 1178 educeretur.
729 1100 1089 1198 lustgntmsanguinis
1113 1103 1332 1198 quantitatem
1353 1125 1479 1175 recon-

460 1196 566 1277 deba't
581 1201 782 1290 abdomen,
814 1197 905 1273 setus
924 1199 1122 1274 demortuus
1137 1217 1232 1288 erat,
1260 1200 1376 1272 omnia
1400 1224 1476 1274 tna·

458 1322 555 1375 terna
572 1300 648 1373 arasa
665 1299 828 1392 sattguine
845 1299 1089 1394 deplebantur;
1113 1299 1270 1396 placenta
1286 1319 1475 1374 uteroexa·

460 1399 515 1472 tte
540 1397 767 1481 adhaerebam
797 1395 834 1468 in
851 1395 939 1470 uteri
956 1395 1108 1471 cavitate
1127 1397 1173 1470 nil
1200 1397 1370 1490 sanguinis
1389 1400 1473 1472 ade·

456 1519 530 1584 rat;
558 1495 649 1569 nulla
662 1493 813 1569 exterior
826 1496 859 1567 in
881 1493 955 1567 fetu
974 1494 1077 1570 laelio
1098 1494 1392 1594 conspiciebatuu
1418 1498 1472 1572 vi·

454 1597 549 1670 scera
565 1593 847 1692 praeternaturale
870 1593 955 1666 nilril
977 1595 1213 1668 occultabant.
1237 1599 1240 1606 '
1270 1593 1362 1670 Vasa
1385 1619 1472 1671 vero

456 1682 621 1791 sanguine
636 1694 726 1789 quafi
742 1711 836 1772 erant
855 1689 924 1787 (tt)
943 1690 1114 1768 exhausta.
1152 1691 1256 1766 Haec
1271 1691 1327 1767 illa
1342 1692 1392 1768 est
1406 1697 1471 1768 ub-

455 1788 626 1896 servatio,
652 1791 710 1864 cui
725 1791 884 1882 iunixus,
899 1791 1055 1886 Metyus
1069 1789 1278 1890 disparatam
1299 1792 1472 1890 sanguinis

453 1890 549 1965 rubri
572 1888 926 1964 communicationem
949 1889 1104 1964 affirmat.
1169 1889 1332 1965 Profecto
1353 1911 1471 1967 autem

454 1992 565 2065 multa
580 1989 657 2064 sunt
672 1988 711 2061 in·
724 1989 789 2061 hac
807 1987 985 2083 Historia,
1011 2011 1096 2086 quae
1112 2009 1168 2062 me
1184 1987 1218 2064 in
1238 1989 1383 2087 ancipiti
1401 2016 1467 2088 po·

452 2107 559 2188 nunt,
586 2110 739 2185 quaeque
755 2088 856 2182 piane
883 2109 954 2160 non
977 2081 1145 2162 constant.
1198 2085 1346 2162 Primum
1373 2113 1468 2163 nam·

453 2208 519 2285 que
534 2187 673 2260 remita
689 2205 800 2259 narrat
818 2186 980 2281 Meryur,
1006 2208 1044 2261 ut
1060 2185 1220 2261 uideatur
1234 2187 1390 2282 suadere,
1406 2191 1467 2286 Ip-

454 2290 549 2382 surn,
574 2307 685 2384 neque
703 2307 835 2356 uterum
853 2285 899 2368 ob
925 2285 1044 2358 oculus
1064 2284 1236 2373 habuisse,
1264 2309 1374 2383 neque
1396 2291 1468 2386 pla·

453 2389 595 2458 cerream
613 2382 713 2456 fuisse
735 2381 1031 2476 contemplatum,
1056 2406 1167 2478 neque
1191 2385 1372 2486 quidquam
1397 2387 1467 2460 cir·

451 2503 701 2557 camateruum
718 2479 1067 2574 corpusobsetvalse:
1092 2483 1136 2554 ad
1159 2479 1245 2556 haec
1268 2483 1360 2556 enim
1381 2509 1466 2582 quae

449 2575 629 2668 sueciam,
671 2601 712 2652 ea
740 2603 787 2652 cx
817 2575 976 2676 Chirurgi
1007 2579 1205 2654 testimonio
1235 2581 1464 2677 proferuntur.

448 2674 568 2782 Unice
580 2677 869 2775 videturMeryus
882 2675 992 2772 ipsunt
1007 2678 1115 2752 fetum
1125 2675 1464 2780 conspexilse,quem

447 2775 612 2874 sanguiue
627 2777 716 2872 quast
732 2775 952 2871 exhaustum,
986 2775 1108 2851 uidilse
1127 2773 1337 2853 conscribit..
1378 2783 1464 2855 litat

448 2886 495 2950 tle
518 2874 750 2970 capestattdus
772 2877 917 2972 plenus,
951 2875 1219 2972 sanguineusque
1240 2877 1331 2952 setus
1354 2882 1399 2952 ab
1421 2905 1464 2958 ea

448 2969 589 3062 Matre,
622 2999 707 3073 quae
729 2973 764 3046 in
785 2973 1039 3070 quadragesrmo
1058 2976 1200 3049 circiter
1221 2979 1346 3052 aetatis
1369 3002 1463 3054 annu

448 3077 659 3164 versabatur,
686 3097 772 3168 quae
785 3071 1003 3170 graviditatis
1019 3094 1175 3170 tempore
1190 3073 1224 3147 in
1242 3074 1462 3153 Nosrcomiu

446 3169 600 3268 vixerat,
628 3198 712 3270 quae
729 3173 804 3246 illac
821 3190 945 3245 contra
961 3172 1173 3248 voluntatem
1191 3173 1460 3274 degerat,quae·

386 3290 391 3298 “
446 3291 513 3369 que
536 3293 719 3369 propterea
742 3269 968 3356 laudabilius,
999 3270 1152 3368 sanisque
1173 3269 1369 3350 humoribus
1389 3299 1460 3350 nun

444 3363 582 3468 poterat
606 3369 727 3459 ditari,
753 3391 863 3466 neque
884 3367 1010 3441 deinde
1031 3365 1231 3464 sanguinem
1254 3369 1296 3442 ad
1325 3395 1461 3449 uterum

443 3457 577 3564 adferre
591 3469 663 3566 ejus
678 3465 877 3562 quantitatis
892 3469 1239 3562 atque'conditionis,
1268 3489 1304 3544 ut
1322 3475 1459 3568 placen·

445 3574 502 3640 iae
524 3567 694 3639 radiculae
714 3585 948 3664 opportunum
978 3565 1141 3663 liquorem
1170 3568 1390 3647 absorberent
1413 3573 1458 3646 ad

445 3664 537 3740 setus
559 3665 758 3762 sauguinem
785 3661 1077 3759 computandum,
1110 3664 1460 3766 conficiendumque?

1363 3773 1449 3845 Am·

450 3957 1109 3985 ,μ,,,,.,,,,.......----.ι---...-.--.-.-....--.ι-----ω
1129 3967 1140 3972 -
1163 3967 1169 3971 .
1283 3969 1288 3974 ,

485 4081 552 4158 (a)
577 4074 744 4156 Haecfitnt
758 4076 862 4140 attide:
882 4073 986 4158 ,lstrqi
995 4099 1004 4137 :
1018 4077 1051 4163 ‚it
1071 4082 1194 4142 truanni
1211 4079 1384 4162 serotinas,
1407 4073 1452 4162 ἐξ

444 4165 486 4228 les
513 4177 631 4224 artetes
659 4161 696 4226 tle
724 4181 757 4225 ce
781 4158 881 4243 factm
904 4157 1034 4248 presque
1062 4165 1145 4231 uitlts
1181 4163 1218 4230 de
1253 4161 1345 4248 serug.
1379 4169 1404 4233 s.
1424 4183 1452 4234 e.

438 4266 518 4335 pag.
543 4263 617 4328 242·
